{
    "symbol": "MO",
    "annualReports": [
        {
            "fiscalDateEnding": "2022-12-31",
            "reportedCurrency": "USD",
            "grossProfit": "14246000000",
            "totalRevenue": "24038000000",
            "costOfRevenue": "6331000000",
            "costofGoodsAndServicesSold": "6442000000",
            "operatingIncome": "11919000000",
            "sellingGeneralAndAdministrative": "184000000",
            "researchAndDevelopment": "162000000",
            "operatingExpenses": "235000000",
            "investmentIncomeNet": "None",
            "netInterestIncome": "-1058000000",
            "interestIncome": "70000000",
            "interestExpense": "1128000000",
            "nonInterestIncome": "25096000000",
            "otherNonOperatingIncome": "None",
            "depreciation": "153000000",
            "depreciationAndAmortization": "73000000",
            "incomeBeforeTax": "7389000000",
            "incomeTaxExpense": "1625000000",
            "interestAndDebtExpense": "1128000000",
            "netIncomeFromContinuingOperations": "5764000000",
            "comprehensiveIncomeNetOfTax": "6049000000",
            "ebit": "8517000000",
            "ebitda": "8590000000",
            "netIncome": "5764000000"
        },
        {
            "fiscalDateEnding": "2021-12-31",
            "reportedCurrency": "USD",
            "grossProfit": "13992000000",
            "totalRevenue": "24202000000",
            "costOfRevenue": "6990000000",
            "costofGoodsAndServicesSold": "7119000000",
            "operatingIncome": "11560000000",
            "sellingGeneralAndAdministrative": "345000000",
            "researchAndDevelopment": "145000000",
            "operatingExpenses": "128000000",
            "investmentIncomeNet": "None",
            "netInterestIncome": "-1162000000",
            "interestIncome": "26000000",
            "interestExpense": "1188000000",
            "nonInterestIncome": "25364000000",
            "otherNonOperatingIncome": "-797000000",
            "depreciation": "172000000",
            "depreciationAndAmortization": "72000000",
            "incomeBeforeTax": "3824000000",
            "incomeTaxExpense": "1349000000",
            "interestAndDebtExpense": "1837000000",
            "netIncomeFromContinuingOperations": "2475000000",
            "comprehensiveIncomeNetOfTax": "3760000000",
            "ebit": "5012000000",
            "ebitda": "5084000000",
            "netIncome": "2475000000"
        },
        {
            "fiscalDateEnding": "2020-12-31",
            "reportedCurrency": "USD",
            "grossProfit": "13023000000",
            "totalRevenue": "24944000000",
            "costOfRevenue": "13558000000",
            "costofGoodsAndServicesSold": "7818000000",
            "operatingIncome": "10873000000",
            "sellingGeneralAndAdministrative": "26000000",
            "researchAndDevelopment": "131000000",
            "operatingExpenses": "636000000",
            "investmentIncomeNet": "None",
            "netInterestIncome": "-1209000000",
            "interestIncome": "14000000",
            "interestExpense": "1223000000",
            "nonInterestIncome": "26153000000",
            "otherNonOperatingIncome": "-140000000",
            "depreciation": "185000000",
            "depreciationAndAmortization": "72000000",
            "incomeBeforeTax": "6903000000",
            "incomeTaxExpense": "2436000000",
            "interestAndDebtExpense": "1223000000",
            "netIncomeFromContinuingOperations": "4454000000",
            "comprehensiveIncomeNetOfTax": "2990000000",
            "ebit": "8126000000",
            "ebitda": "8198000000",
            "netIncome": "4467000000"
        },
        {
            "fiscalDateEnding": "2019-12-31",
            "reportedCurrency": "USD",
            "grossProfit": "12711000000",
            "totalRevenue": "23830000000",
            "costOfRevenue": "7415000000",
            "costofGoodsAndServicesSold": "7085000000",
            "operatingIncome": "10326000000",
            "sellingGeneralAndAdministrative": "33000000",
            "researchAndDevelopment": "168000000",
            "operatingExpenses": "535000000",
            "investmentIncomeNet": "None",
            "netInterestIncome": "-1280000000",
            "interestIncome": "42000000",
            "interestExpense": "1322000000",
            "nonInterestIncome": "25110000000",
            "otherNonOperatingIncome": "None",
            "depreciation": "182000000",
            "depreciationAndAmortization": "44000000",
            "incomeBeforeTax": "771000000",
            "incomeTaxExpense": "2064000000",
            "interestAndDebtExpense": "1322000000",
            "netIncomeFromContinuingOperations": "-1298000000",
            "comprehensiveIncomeNetOfTax": "-1610000000",
            "ebit": "2093000000",
            "ebitda": "2137000000",
            "netIncome": "-1293000000"
        },
        {
            "fiscalDateEnding": "2018-12-31",
            "reportedCurrency": "USD",
            "grossProfit": "12254000000",
            "totalRevenue": "24699000000",
            "costOfRevenue": "8061000000",
            "costofGoodsAndServicesSold": "7373000000",
            "operatingIncome": "9115000000",
            "sellingGeneralAndAdministrative": "79000000",
            "researchAndDevelopment": "252000000",
            "operatingExpenses": "974000000",
            "investmentIncomeNet": "None",
            "netInterestIncome": "-665000000",
            "interestIncome": "32000000",
            "interestExpense": "697000000",
            "nonInterestIncome": "25364000000",
            "otherNonOperatingIncome": "890000000",
            "depreciation": "189000000",
            "depreciationAndAmortization": "38000000",
            "incomeBeforeTax": "9337000000",
            "incomeTaxExpense": "2374000000",
            "interestAndDebtExpense": "697000000",
            "netIncomeFromContinuingOperations": "6967000000",
            "comprehensiveIncomeNetOfTax": "6721000000",
            "ebit": "10034000000",
            "ebitda": "10072000000",
            "netIncome": "6963000000"
        }
    ],
    "quarterlyReports": [
        {
            "fiscalDateEnding": "2022-12-31",
            "reportedCurrency": "USD",
            "grossProfit": "3510000000",
            "totalRevenue": "5885000000",
            "costOfRevenue": "-2027000000",
            "costofGoodsAndServicesSold": "1573000000",
            "operatingIncome": "2818000000",
            "sellingGeneralAndAdministrative": "508000000",
            "researchAndDevelopment": "None",
            "operatingExpenses": "-11000000",
            "investmentIncomeNet": "None",
            "netInterestIncome": "-226000000",
            "interestIncome": "161000000",
            "interestExpense": "296000000",
            "nonInterestIncome": "6111000000",
            "otherNonOperatingIncome": "None",
            "depreciation": "None",
            "depreciationAndAmortization": "19000000",
            "incomeBeforeTax": "2704000000",
            "incomeTaxExpense": "14000000",
            "interestAndDebtExpense": "1128000000",
            "netIncomeFromContinuingOperations": "2690000000",
            "comprehensiveIncomeNetOfTax": "2302000000",
            "ebit": "2818000000",
            "ebitda": "2837000000",
            "netIncome": "2690000000"
        },
        {
            "fiscalDateEnding": "2022-09-30",
            "reportedCurrency": "USD",
            "grossProfit": "3697000000",
            "totalRevenue": "6279000000",
            "costOfRevenue": "2906000000",
            "costofGoodsAndServicesSold": "1715000000",
            "operatingIncome": "3112000000",
            "sellingGeneralAndAdministrative": "78000000",
            "researchAndDevelopment": "None",
            "operatingExpenses": "97000000",
            "investmentIncomeNet": "None",
            "netInterestIncome": "-271000000",
            "interestIncome": "2649000000",
            "interestExpense": "271000000",
            "nonInterestIncome": "6550000000",
            "otherNonOperatingIncome": "None",
            "depreciation": "None",
            "depreciationAndAmortization": "19000000",
            "incomeBeforeTax": "407000000",
            "incomeTaxExpense": "183000000",
            "interestAndDebtExpense": "0",
            "netIncomeFromContinuingOperations": "224000000",
            "comprehensiveIncomeNetOfTax": "218000000",
            "ebit": "3112000000",
            "ebitda": "3131000000",
            "netIncome": "224000000"
        },
        {
            "fiscalDateEnding": "2022-06-30",
            "reportedCurrency": "USD",
            "grossProfit": "3666000000",
            "totalRevenue": "6263000000",
            "costOfRevenue": "2830000000",
            "costofGoodsAndServicesSold": "1708000000",
            "operatingIncome": "3105000000",
            "sellingGeneralAndAdministrative": "561000000",
            "researchAndDevelopment": "None",
            "operatingExpenses": "561000000",
            "investmentIncomeNet": "None",
            "netInterestIncome": "-280000000",
            "interestIncome": "388000000",
            "interestExpense": "280000000",
            "nonInterestIncome": "6543000000",
            "otherNonOperatingIncome": "-4000000",
            "depreciation": "None",
            "depreciationAndAmortization": "57000000",
            "incomeBeforeTax": "1605000000",
            "incomeTaxExpense": "714000000",
            "interestAndDebtExpense": "0",
            "netIncomeFromContinuingOperations": "891000000",
            "comprehensiveIncomeNetOfTax": "1476000000",
            "ebit": "3105000000",
            "ebitda": "1942000000",
            "netIncome": "891000000"
        },
        {
            "fiscalDateEnding": "2022-03-31",
            "reportedCurrency": "USD",
            "grossProfit": "3373000000",
            "totalRevenue": "5611000000",
            "costOfRevenue": "2473000000",
            "costofGoodsAndServicesSold": "1446000000",
            "operatingIncome": "2884000000",
            "sellingGeneralAndAdministrative": "443000000",
            "researchAndDevelopment": "None",
            "operatingExpenses": "443000000",
            "investmentIncomeNet": "None",
            "netInterestIncome": "-281000000",
            "interestIncome": "147000000",
            "interestExpense": "281000000",
            "nonInterestIncome": "5892000000",
            "otherNonOperatingIncome": "-10000000",
            "depreciation": "None",
            "depreciationAndAmortization": "52000000",
            "incomeBeforeTax": "2673000000",
            "incomeTaxExpense": "714000000",
            "interestAndDebtExpense": "0",
            "netIncomeFromContinuingOperations": "1959000000",
            "comprehensiveIncomeNetOfTax": "2053000000",
            "ebit": "2884000000",
            "ebitda": "3006000000",
            "netIncome": "1959000000"
        },
        {
            "fiscalDateEnding": "2021-12-31",
            "reportedCurrency": "USD",
            "grossProfit": "3315000000",
            "totalRevenue": "5962000000",
            "costOfRevenue": "-1939000000",
            "costofGoodsAndServicesSold": "1771000000",
            "operatingIncome": "2733000000",
            "sellingGeneralAndAdministrative": "90000000",
            "researchAndDevelopment": "None",
            "operatingExpenses": "-90000000",
            "investmentIncomeNet": "None",
            "netInterestIncome": "-293000000",
            "interestIncome": "520000000",
            "interestExpense": "319000000",
            "nonInterestIncome": "6255000000",
            "otherNonOperatingIncome": "-20000000",
            "depreciation": "None",
            "depreciationAndAmortization": "19000000",
            "incomeBeforeTax": "2280000000",
            "incomeTaxExpense": "656000000",
            "interestAndDebtExpense": "1188000000",
            "netIncomeFromContinuingOperations": "90000000",
            "comprehensiveIncomeNetOfTax": "1998000000",
            "ebit": "2733000000",
            "ebitda": "2752000000",
            "netIncome": "1624000000"
        },
        {
            "fiscalDateEnding": "2021-09-30",
            "reportedCurrency": "USD",
            "grossProfit": "3673000000",
            "totalRevenue": "6520000000",
            "costOfRevenue": "3050000000",
            "costofGoodsAndServicesSold": "1858000000",
            "operatingIncome": "2951000000",
            "sellingGeneralAndAdministrative": "135000000",
            "researchAndDevelopment": "None",
            "operatingExpenses": "153000000",
            "investmentIncomeNet": "None",
            "netInterestIncome": "-266000000",
            "interestIncome": "6181000000",
            "interestExpense": "266000000",
            "nonInterestIncome": "6786000000",
            "otherNonOperatingIncome": "-135000000",
            "depreciation": "None",
            "depreciationAndAmortization": "18000000",
            "incomeBeforeTax": "-3304000000",
            "incomeTaxExpense": "-582000000",
            "interestAndDebtExpense": "0",
            "netIncomeFromContinuingOperations": "-2720000000",
            "comprehensiveIncomeNetOfTax": "-2550000000",
            "ebit": "2951000000",
            "ebitda": "2969000000",
            "netIncome": "-2722000000"
        },
        {
            "fiscalDateEnding": "2021-06-30",
            "reportedCurrency": "USD",
            "grossProfit": "3732000000",
            "totalRevenue": "6641000000",
            "costOfRevenue": "3158000000",
            "costofGoodsAndServicesSold": "1882000000",
            "operatingIncome": "3186000000",
            "sellingGeneralAndAdministrative": "546000000",
            "researchAndDevelopment": "None",
            "operatingExpenses": "546000000",
            "investmentIncomeNet": "None",
            "netInterestIncome": "-295000000",
            "interestIncome": "220000000",
            "interestExpense": "295000000",
            "nonInterestIncome": "6936000000",
            "otherNonOperatingIncome": "-103000000",
            "depreciation": "None",
            "depreciationAndAmortization": "65000000",
            "incomeBeforeTax": "2908000000",
            "incomeTaxExpense": "759000000",
            "interestAndDebtExpense": "0",
            "netIncomeFromContinuingOperations": "2150000000",
            "comprehensiveIncomeNetOfTax": "2321000000",
            "ebit": "3186000000",
            "ebitda": "3268000000",
            "netIncome": "2149000000"
        },
        {
            "fiscalDateEnding": "2021-03-31",
            "reportedCurrency": "USD",
            "grossProfit": "3272000000",
            "totalRevenue": "5079000000",
            "costOfRevenue": "2721000000",
            "costofGoodsAndServicesSold": "1608000000",
            "operatingIncome": "2690000000",
            "sellingGeneralAndAdministrative": "582000000",
            "researchAndDevelopment": "None",
            "operatingExpenses": "582000000",
            "investmentIncomeNet": "None",
            "netInterestIncome": "-308000000",
            "interestIncome": "220000000",
            "interestExpense": "308000000",
            "nonInterestIncome": "5387000000",
            "otherNonOperatingIncome": "-539000000",
            "depreciation": "None",
            "depreciationAndAmortization": "63000000",
            "incomeBeforeTax": "1940000000",
            "incomeTaxExpense": "516000000",
            "interestAndDebtExpense": "649000000",
            "netIncomeFromContinuingOperations": "1421000000",
            "comprehensiveIncomeNetOfTax": "1991000000",
            "ebit": "2690000000",
            "ebitda": "2311000000",
            "netIncome": "1424000000"
        },
        {
            "fiscalDateEnding": "2020-12-31",
            "reportedCurrency": "USD",
            "grossProfit": "3146000000",
            "totalRevenue": "6304000000",
            "costOfRevenue": "3249000000",
            "costofGoodsAndServicesSold": "1909000000",
            "operatingIncome": "2581000000",
            "sellingGeneralAndAdministrative": "77000000",
            "researchAndDevelopment": "None",
            "operatingExpenses": "241000000",
            "investmentIncomeNet": "None",
            "netInterestIncome": "-316000000",
            "interestIncome": "120000000",
            "interestExpense": "330000000",
            "nonInterestIncome": "6304000000",
            "otherNonOperatingIncome": "368000000",
            "depreciation": "None",
            "depreciationAndAmortization": "65000000",
            "incomeBeforeTax": "2543000000",
            "incomeTaxExpense": "619000000",
            "interestAndDebtExpense": "1223000000",
            "netIncomeFromContinuingOperations": "3237000000",
            "comprehensiveIncomeNetOfTax": "1364000000",
            "ebit": "2581000000",
            "ebitda": "2938000000",
            "netIncome": "1924000000"
        },
        {
            "fiscalDateEnding": "2020-09-30",
            "reportedCurrency": "USD",
            "grossProfit": "3717000000",
            "totalRevenue": "6813000000",
            "costOfRevenue": "3404000000",
            "costofGoodsAndServicesSold": "1961000000",
            "operatingIncome": "3160000000",
            "sellingGeneralAndAdministrative": "60000000",
            "researchAndDevelopment": "None",
            "operatingExpenses": "1000000",
            "investmentIncomeNet": "None",
            "netInterestIncome": "-310000000",
            "interestIncome": "782000000",
            "interestExpense": "310000000",
            "nonInterestIncome": "7123000000",
            "otherNonOperatingIncome": "-577000000",
            "depreciation": "None",
            "depreciationAndAmortization": "62000000",
            "incomeBeforeTax": "-320000000",
            "incomeTaxExpense": "632000000",
            "interestAndDebtExpense": "0",
            "netIncomeFromContinuingOperations": "-956000000",
            "comprehensiveIncomeNetOfTax": "-959000000",
            "ebit": "3160000000",
            "ebitda": "52000000",
            "netIncome": "-952000000"
        },
        {
            "fiscalDateEnding": "2020-06-30",
            "reportedCurrency": "USD",
            "grossProfit": "3287000000",
            "totalRevenue": "6059000000",
            "costOfRevenue": "1749000000",
            "costofGoodsAndServicesSold": "1775000000",
            "operatingIncome": "2796000000",
            "sellingGeneralAndAdministrative": "45000000",
            "researchAndDevelopment": "None",
            "operatingExpenses": "2000000",
            "investmentIncomeNet": "None",
            "netInterestIncome": "-308000000",
            "interestIncome": "298000000",
            "interestExpense": "308000000",
            "nonInterestIncome": "6367000000",
            "otherNonOperatingIncome": "49000000",
            "depreciation": "None",
            "depreciationAndAmortization": "65000000",
            "incomeBeforeTax": "2570000000",
            "incomeTaxExpense": "627000000",
            "interestAndDebtExpense": "0",
            "netIncomeFromContinuingOperations": "1938000000",
            "comprehensiveIncomeNetOfTax": "702000000",
            "ebit": "2796000000",
            "ebitda": "2943000000",
            "netIncome": "1943000000"
        },
        {
            "fiscalDateEnding": "2020-03-31",
            "reportedCurrency": "USD",
            "grossProfit": "2873000000",
            "totalRevenue": "6084000000",
            "costOfRevenue": "2538000000",
            "costofGoodsAndServicesSold": "2173000000",
            "operatingIncome": "2336000000",
            "sellingGeneralAndAdministrative": "537000000",
            "researchAndDevelopment": "None",
            "operatingExpenses": "392000000",
            "investmentIncomeNet": "None",
            "netInterestIncome": "-275000000",
            "interestIncome": "113000000",
            "interestExpense": "275000000",
            "nonInterestIncome": "6359000000",
            "otherNonOperatingIncome": "20000000",
            "depreciation": "None",
            "depreciationAndAmortization": "65000000",
            "incomeBeforeTax": "2110000000",
            "incomeTaxExpense": "558000000",
            "interestAndDebtExpense": "0",
            "netIncomeFromContinuingOperations": "1550000000",
            "comprehensiveIncomeNetOfTax": "1883000000",
            "ebit": "2336000000",
            "ebitda": "2450000000",
            "netIncome": "1552000000"
        },
        {
            "fiscalDateEnding": "2019-12-31",
            "reportedCurrency": "USD",
            "grossProfit": "3084000000",
            "totalRevenue": "6007000000",
            "costOfRevenue": "1961000000",
            "costofGoodsAndServicesSold": "1718000000",
            "operatingIncome": "2427000000",
            "sellingGeneralAndAdministrative": "45000000",
            "researchAndDevelopment": "None",
            "operatingExpenses": "408000000",
            "investmentIncomeNet": "None",
            "netInterestIncome": "-291000000",
            "interestIncome": "559000000",
            "interestExpense": "333000000",
            "nonInterestIncome": "6007000000",
            "otherNonOperatingIncome": "None",
            "depreciation": "None",
            "depreciationAndAmortization": "16000000",
            "incomeBeforeTax": "-1218000000",
            "incomeTaxExpense": "591000000",
            "interestAndDebtExpense": "None",
            "netIncomeFromContinuingOperations": "3084000000",
            "comprehensiveIncomeNetOfTax": "-2271000000",
            "ebit": "2427000000",
            "ebitda": "2443000000",
            "netIncome": "-1809000000"
        },
        {
            "fiscalDateEnding": "2019-09-30",
            "reportedCurrency": "USD",
            "grossProfit": "3497000000",
            "totalRevenue": "6563000000",
            "costOfRevenue": "1903000000",
            "costofGoodsAndServicesSold": "1915000000",
            "operatingIncome": "2944000000",
            "sellingGeneralAndAdministrative": "552000000",
            "researchAndDevelopment": "None",
            "operatingExpenses": "12000000",
            "investmentIncomeNet": "None",
            "netInterestIncome": "-293000000",
            "interestIncome": "46000000",
            "interestExpense": "293000000",
            "nonInterestIncome": "6856000000",
            "otherNonOperatingIncome": "-303000000",
            "depreciation": "None",
            "depreciationAndAmortization": "12000000",
            "incomeBeforeTax": "-2126000000",
            "incomeTaxExpense": "474000000",
            "interestAndDebtExpense": "None",
            "netIncomeFromContinuingOperations": "-2602000000",
            "comprehensiveIncomeNetOfTax": "-2356000000",
            "ebit": "2944000000",
            "ebitda": "2956000000",
            "netIncome": "-2600000000"
        },
        {
            "fiscalDateEnding": "2019-06-30",
            "reportedCurrency": "USD",
            "grossProfit": "3319000000",
            "totalRevenue": "6307000000",
            "costOfRevenue": "1859000000",
            "costofGoodsAndServicesSold": "1874000000",
            "operatingIncome": "2717000000",
            "sellingGeneralAndAdministrative": "569000000",
            "researchAndDevelopment": "None",
            "operatingExpenses": "45000000",
            "investmentIncomeNet": "None",
            "netInterestIncome": "-312000000",
            "interestIncome": "138000000",
            "interestExpense": "312000000",
            "nonInterestIncome": "6619000000",
            "otherNonOperatingIncome": "181000000",
            "depreciation": "None",
            "depreciationAndAmortization": "53000000",
            "incomeBeforeTax": "2600000000",
            "incomeTaxExpense": "604000000",
            "interestAndDebtExpense": "None",
            "netIncomeFromContinuingOperations": "1997000000",
            "comprehensiveIncomeNetOfTax": "2067000000",
            "ebit": "2717000000",
            "ebitda": "2965000000",
            "netIncome": "1996000000"
        },
        {
            "fiscalDateEnding": "2019-03-31",
            "reportedCurrency": "USD",
            "grossProfit": "2811000000",
            "totalRevenue": "5244000000",
            "costOfRevenue": "1626000000",
            "costofGoodsAndServicesSold": "1578000000",
            "operatingIncome": "2238000000",
            "sellingGeneralAndAdministrative": "525000000",
            "researchAndDevelopment": "None",
            "operatingExpenses": "49000000",
            "investmentIncomeNet": "None",
            "netInterestIncome": "-384000000",
            "interestIncome": "None",
            "interestExpense": "384000000",
            "nonInterestIncome": "5628000000",
            "otherNonOperatingIncome": "-339000000",
            "depreciation": "None",
            "depreciationAndAmortization": "53000000",
            "incomeBeforeTax": "1515000000",
            "incomeTaxExpense": "395000000",
            "interestAndDebtExpense": "None",
            "netIncomeFromContinuingOperations": "1121000000",
            "comprehensiveIncomeNetOfTax": "950000000",
            "ebit": "2238000000",
            "ebitda": "1952000000",
            "netIncome": "1120000000"
        },
        {
            "fiscalDateEnding": "2018-12-31",
            "reportedCurrency": "USD",
            "grossProfit": "2922000000",
            "totalRevenue": "6114000000",
            "costOfRevenue": "2583000000",
            "costofGoodsAndServicesSold": "1864000000",
            "operatingIncome": "1744000000",
            "sellingGeneralAndAdministrative": "2033000000",
            "researchAndDevelopment": "252000000",
            "operatingExpenses": "968000000",
            "investmentIncomeNet": "None",
            "netInterestIncome": "-162000000",
            "interestIncome": "None",
            "interestExpense": "194000000",
            "nonInterestIncome": "6114000000",
            "otherNonOperatingIncome": "131000000",
            "depreciation": "None",
            "depreciationAndAmortization": "8000000",
            "incomeBeforeTax": "1709000000",
            "incomeTaxExpense": "459000000",
            "interestAndDebtExpense": "None",
            "netIncomeFromContinuingOperations": "2922000000",
            "comprehensiveIncomeNetOfTax": "1145000000",
            "ebit": "1744000000",
            "ebitda": "1962000000",
            "netIncome": "1250000000"
        },
        {
            "fiscalDateEnding": "2018-09-30",
            "reportedCurrency": "USD",
            "grossProfit": "3255000000",
            "totalRevenue": "6678000000",
            "costOfRevenue": "2013000000",
            "costofGoodsAndServicesSold": "2037000000",
            "operatingIncome": "2557000000",
            "sellingGeneralAndAdministrative": "700000000",
            "researchAndDevelopment": "None",
            "operatingExpenses": "-3000000",
            "investmentIncomeNet": "None",
            "netInterestIncome": "-159000000",
            "interestIncome": "None",
            "interestExpense": "159000000",
            "nonInterestIncome": "6837000000",
            "otherNonOperatingIncome": "189000000",
            "depreciation": "None",
            "depreciationAndAmortization": "20000000",
            "incomeBeforeTax": "2607000000",
            "incomeTaxExpense": "664000000",
            "interestAndDebtExpense": "None",
            "netIncomeFromContinuingOperations": "1944000000",
            "comprehensiveIncomeNetOfTax": "1561000000",
            "ebit": "2557000000",
            "ebitda": "2830000000",
            "netIncome": "1943000000"
        },
        {
            "fiscalDateEnding": "2018-06-30",
            "reportedCurrency": "USD",
            "grossProfit": "3141000000",
            "totalRevenue": "6127000000",
            "costOfRevenue": "1735000000",
            "costofGoodsAndServicesSold": "1738000000",
            "operatingIncome": "2498000000",
            "sellingGeneralAndAdministrative": "641000000",
            "researchAndDevelopment": "None",
            "operatingExpenses": "6000000",
            "investmentIncomeNet": "None",
            "netInterestIncome": "-178000000",
            "interestIncome": "None",
            "interestExpense": "178000000",
            "nonInterestIncome": "6305000000",
            "otherNonOperatingIncome": "228000000",
            "depreciation": "None",
            "depreciationAndAmortization": "51000000",
            "incomeBeforeTax": "2556000000",
            "incomeTaxExpense": "680000000",
            "interestAndDebtExpense": "None",
            "netIncomeFromContinuingOperations": "1877000000",
            "comprehensiveIncomeNetOfTax": "2151000000",
            "ebit": "2498000000",
            "ebitda": "2785000000",
            "netIncome": "1876000000"
        },
        {
            "fiscalDateEnding": "2018-03-31",
            "reportedCurrency": "USD",
            "grossProfit": "2936000000",
            "totalRevenue": "5942000000",
            "costOfRevenue": "3175000000",
            "costofGoodsAndServicesSold": "1734000000",
            "operatingIncome": "2316000000",
            "sellingGeneralAndAdministrative": "618000000",
            "researchAndDevelopment": "None",
            "operatingExpenses": "3000000",
            "investmentIncomeNet": "None",
            "netInterestIncome": "-166000000",
            "interestIncome": "None",
            "interestExpense": "166000000",
            "nonInterestIncome": "6108000000",
            "otherNonOperatingIncome": "342000000",
            "depreciation": "None",
            "depreciationAndAmortization": "53000000",
            "incomeBeforeTax": "2465000000",
            "incomeTaxExpense": "571000000",
            "interestAndDebtExpense": "None",
            "netIncomeFromContinuingOperations": "1895000000",
            "comprehensiveIncomeNetOfTax": "1864000000",
            "ebit": "2316000000",
            "ebitda": "2684000000",
            "netIncome": "1894000000"
        }
    ]
}