{
    "symbol": "MCD",
    "annualReports": [
        {
            "fiscalDateEnding": "2022-12-31",
            "reportedCurrency": "USD",
            "grossProfit": "18819800000",
            "totalRevenue": "23182600000",
            "costOfRevenue": "4362800000",
            "costofGoodsAndServicesSold": "9975400000",
            "operatingIncome": "9371000000",
            "sellingGeneralAndAdministrative": "2492200000",
            "researchAndDevelopment": "None",
            "operatingExpenses": "5095500000",
            "investmentIncomeNet": "None",
            "netInterestIncome": "-1207000000",
            "interestIncome": "1207000000",
            "interestExpense": "1207000000",
            "nonInterestIncome": "-195700000",
            "otherNonOperatingIncome": "-338600000",
            "depreciation": "1454000000",
            "depreciationAndAmortization": "1870600000",
            "incomeBeforeTax": "7825400000",
            "incomeTaxExpense": "1648000000",
            "interestAndDebtExpense": "1207000000",
            "netIncomeFromContinuingOperations": "7497600000",
            "comprehensiveIncomeNetOfTax": "6264500000",
            "ebit": "9032400000",
            "ebitda": "10903000000",
            "netIncome": "6177400000"
        },
        {
            "fiscalDateEnding": "2021-12-31",
            "reportedCurrency": "USD",
            "grossProfit": "18977000000",
            "totalRevenue": "23222900000",
            "costOfRevenue": "4245900000",
            "costofGoodsAndServicesSold": "10642700000",
            "operatingIncome": "10356000000",
            "sellingGeneralAndAdministrative": "2377800000",
            "researchAndDevelopment": "None",
            "operatingExpenses": "4148100000",
            "investmentIncomeNet": "None",
            "netInterestIncome": "-1185800000",
            "interestIncome": "1185800000",
            "interestExpense": "1185800000",
            "nonInterestIncome": "97800000",
            "otherNonOperatingIncome": "-42300000",
            "depreciation": "1530700000",
            "depreciationAndAmortization": "1868100000",
            "incomeBeforeTax": "9127900000",
            "incomeTaxExpense": "1582700000",
            "interestAndDebtExpense": "1185800000",
            "netIncomeFromContinuingOperations": "8907700000",
            "comprehensiveIncomeNetOfTax": "7558300000",
            "ebit": "10313700000",
            "ebitda": "12181800000",
            "netIncome": "7545200000"
        },
        {
            "fiscalDateEnding": "2020-12-31",
            "reportedCurrency": "USD",
            "grossProfit": "15211399973",
            "totalRevenue": "19207800000",
            "costOfRevenue": "3996400026",
            "costofGoodsAndServicesSold": "9455700000",
            "operatingIncome": "7324000000",
            "sellingGeneralAndAdministrative": "2245000000",
            "researchAndDevelopment": "None",
            "operatingExpenses": "3968200026",
            "investmentIncomeNet": "None",
            "netInterestIncome": "-1218100000",
            "interestIncome": "1218100000",
            "interestExpense": "1218100000",
            "nonInterestIncome": "28200000",
            "otherNonOperatingIncome": "34800000",
            "depreciation": "1469400000",
            "depreciationAndAmortization": "1751400000",
            "incomeBeforeTax": "6140700000",
            "incomeTaxExpense": "1410200000",
            "interestAndDebtExpense": "1218100000",
            "netIncomeFromContinuingOperations": "6066000000",
            "comprehensiveIncomeNetOfTax": "4626400000",
            "ebit": "7358800000",
            "ebitda": "9110200000",
            "netIncome": "4730500000"
        },
        {
            "fiscalDateEnding": "2019-12-31",
            "reportedCurrency": "USD",
            "grossProfit": "17328600000",
            "totalRevenue": "21364400000",
            "costOfRevenue": "3747900000",
            "costofGoodsAndServicesSold": "9961200000",
            "operatingIncome": "9069800000",
            "sellingGeneralAndAdministrative": "2229400000",
            "researchAndDevelopment": "None",
            "operatingExpenses": "3619700000",
            "investmentIncomeNet": "None",
            "netInterestIncome": "-1121900000",
            "interestIncome": "37000000",
            "interestExpense": "1121900000",
            "nonInterestIncome": "128200000",
            "otherNonOperatingIncome": "70200000",
            "depreciation": "1392200000",
            "depreciationAndAmortization": "1617900000",
            "incomeBeforeTax": "8018100000",
            "incomeTaxExpense": "1992700000",
            "interestAndDebtExpense": "1121900000",
            "netIncomeFromContinuingOperations": "7301100000",
            "comprehensiveIncomeNetOfTax": "6152200000",
            "ebit": "9140000000",
            "ebitda": "10757900000",
            "netIncome": "6025400000"
        },
        {
            "fiscalDateEnding": "2018-12-31",
            "reportedCurrency": "USD",
            "grossProfit": "15370800000",
            "totalRevenue": "21257900000",
            "costOfRevenue": "5654400000",
            "costofGoodsAndServicesSold": "1973300000",
            "operatingIncome": "8822600000",
            "sellingGeneralAndAdministrative": "2200200000",
            "researchAndDevelopment": "None",
            "operatingExpenses": "3372300000",
            "investmentIncomeNet": "None",
            "netInterestIncome": "-981200000",
            "interestIncome": "4000000",
            "interestExpense": "981200000",
            "nonInterestIncome": "308800000",
            "otherNonOperatingIncome": "-25300000",
            "depreciation": "1302900000",
            "depreciationAndAmortization": "1482000000",
            "incomeBeforeTax": "7816100000",
            "incomeTaxExpense": "1891800000",
            "interestAndDebtExpense": "981200000",
            "netIncomeFromContinuingOperations": "7057000000",
            "comprehensiveIncomeNetOfTax": "5493200000",
            "ebit": "8797300000",
            "ebitda": "10279300000",
            "netIncome": "5924300000"
        }
    ],
    "quarterlyReports": [
        {
            "fiscalDateEnding": "2023-03-31",
            "reportedCurrency": "USD",
            "grossProfit": "4255700000",
            "totalRevenue": "5897800000",
            "costOfRevenue": "1642100000",
            "costofGoodsAndServicesSold": "598300000",
            "operatingIncome": "2532400000",
            "sellingGeneralAndAdministrative": "553300000",
            "researchAndDevelopment": "None",
            "operatingExpenses": "1043800000",
            "investmentIncomeNet": "None",
            "netInterestIncome": "-329700000",
            "interestIncome": "329700000",
            "interestExpense": "329700000",
            "nonInterestIncome": "None",
            "otherNonOperatingIncome": "64300000",
            "depreciation": "None",
            "depreciationAndAmortization": "490500000",
            "incomeBeforeTax": "2267000000",
            "incomeTaxExpense": "464700000",
            "interestAndDebtExpense": "329700000",
            "netIncomeFromContinuingOperations": "2132000000",
            "comprehensiveIncomeNetOfTax": "1799500000",
            "ebit": "2596700000",
            "ebitda": "3087200000",
            "netIncome": "1802300000"
        },
        {
            "fiscalDateEnding": "2022-12-31",
            "reportedCurrency": "USD",
            "grossProfit": "6504700000",
            "totalRevenue": "5926500000",
            "costOfRevenue": "-578200000",
            "costofGoodsAndServicesSold": "2517600000",
            "operatingIncome": "2582700000",
            "sellingGeneralAndAdministrative": "720300000",
            "researchAndDevelopment": "None",
            "operatingExpenses": "635100000",
            "investmentIncomeNet": "None",
            "netInterestIncome": "-322900000",
            "interestIncome": "322900000",
            "interestExpense": "322900000",
            "nonInterestIncome": "1085300000",
            "otherNonOperatingIncome": "79100000",
            "depreciation": "None",
            "depreciationAndAmortization": "463100000",
            "incomeBeforeTax": "2338900000",
            "incomeTaxExpense": "435500000",
            "interestAndDebtExpense": "322900000",
            "netIncomeFromContinuingOperations": "2339500000",
            "comprehensiveIncomeNetOfTax": "1976500000",
            "ebit": "2661800000",
            "ebitda": "3124900000",
            "netIncome": "1903400000"
        },
        {
            "fiscalDateEnding": "2022-09-30",
            "reportedCurrency": "USD",
            "grossProfit": "4241100000",
            "totalRevenue": "5872100000",
            "costOfRevenue": "1631000000",
            "costofGoodsAndServicesSold": "589000000",
            "operatingIncome": "2763900000",
            "sellingGeneralAndAdministrative": "576400000",
            "researchAndDevelopment": "None",
            "operatingExpenses": "1042000000",
            "investmentIncomeNet": "None",
            "netInterestIncome": "-306200000",
            "interestIncome": "306200000",
            "interestExpense": "306200000",
            "nonInterestIncome": "19000000",
            "otherNonOperatingIncome": "78500000",
            "depreciation": "None",
            "depreciationAndAmortization": "465600000",
            "incomeBeforeTax": "2536200000",
            "incomeTaxExpense": "554600000",
            "interestAndDebtExpense": "306200000",
            "netIncomeFromContinuingOperations": "2287800000",
            "comprehensiveIncomeNetOfTax": "1668300000",
            "ebit": "2842400000",
            "ebitda": "3308000000",
            "netIncome": "1981600000"
        },
        {
            "fiscalDateEnding": "2022-06-30",
            "reportedCurrency": "USD",
            "grossProfit": "4056400000",
            "totalRevenue": "5718400000",
            "costOfRevenue": "1662000000",
            "costofGoodsAndServicesSold": "588600000",
            "operatingIncome": "1711800000",
            "sellingGeneralAndAdministrative": "611200000",
            "researchAndDevelopment": "None",
            "operatingExpenses": "2273400000",
            "investmentIncomeNet": "None",
            "netInterestIncome": "-290600000",
            "interestIncome": "4600000",
            "interestExpense": "290600000",
            "nonInterestIncome": "-1200000000",
            "otherNonOperatingIncome": "-12100000",
            "depreciation": "None",
            "depreciationAndAmortization": "462200000",
            "incomeBeforeTax": "1409100000",
            "incomeTaxExpense": "221100000",
            "interestAndDebtExpense": "290600000",
            "netIncomeFromContinuingOperations": "1478600000",
            "comprehensiveIncomeNetOfTax": "1583500000",
            "ebit": "1699700000",
            "ebitda": "2161900000",
            "netIncome": "1188000000"
        },
        {
            "fiscalDateEnding": "2022-03-31",
            "reportedCurrency": "USD",
            "grossProfit": "4017600000",
            "totalRevenue": "5665600000",
            "costOfRevenue": "1648000000",
            "costofGoodsAndServicesSold": "584000000",
            "operatingIncome": "2312600000",
            "sellingGeneralAndAdministrative": "584300000",
            "researchAndDevelopment": "None",
            "operatingExpenses": "1064000000",
            "investmentIncomeNet": "None",
            "netInterestIncome": "-287300000",
            "interestIncome": "2600000",
            "interestExpense": "287300000",
            "nonInterestIncome": "-100000000",
            "otherNonOperatingIncome": "-484100000",
            "depreciation": "None",
            "depreciationAndAmortization": "479700000",
            "incomeBeforeTax": "1541200000",
            "incomeTaxExpense": "436800000",
            "interestAndDebtExpense": "287300000",
            "netIncomeFromContinuingOperations": "1391700000",
            "comprehensiveIncomeNetOfTax": "1036200000",
            "ebit": "1828500000",
            "ebitda": "2308200000",
            "netIncome": "1104400000"
        },
        {
            "fiscalDateEnding": "2021-12-31",
            "reportedCurrency": "USD",
            "grossProfit": "6515300000",
            "totalRevenue": "6009100000",
            "costOfRevenue": "-506200000",
            "costofGoodsAndServicesSold": "2748100000",
            "operatingIncome": "2397100000",
            "sellingGeneralAndAdministrative": "755400000",
            "researchAndDevelopment": "None",
            "operatingExpenses": "1139200000",
            "investmentIncomeNet": "None",
            "netInterestIncome": "-295600000",
            "interestIncome": "295600000",
            "interestExpense": "295600000",
            "nonInterestIncome": "-241200000",
            "otherNonOperatingIncome": "6300000",
            "depreciation": "None",
            "depreciationAndAmortization": "481600000",
            "incomeBeforeTax": "2107800000",
            "incomeTaxExpense": "469000000",
            "interestAndDebtExpense": "295600000",
            "netIncomeFromContinuingOperations": "2111100000",
            "comprehensiveIncomeNetOfTax": "1728300000",
            "ebit": "2403400000",
            "ebitda": "2885000000",
            "netIncome": "1638800000"
        },
        {
            "fiscalDateEnding": "2021-09-30",
            "reportedCurrency": "USD",
            "grossProfit": "4579900000",
            "totalRevenue": "6201300000",
            "costOfRevenue": "1621400000",
            "costofGoodsAndServicesSold": "592600000",
            "operatingIncome": "2986500000",
            "sellingGeneralAndAdministrative": "559600000",
            "researchAndDevelopment": "None",
            "operatingExpenses": "1028800000",
            "investmentIncomeNet": "None",
            "netInterestIncome": "-293700000",
            "interestIncome": "293700000",
            "interestExpense": "293700000",
            "nonInterestIncome": "106000000",
            "otherNonOperatingIncome": "-1400000",
            "depreciation": "None",
            "depreciationAndAmortization": "469200000",
            "incomeBeforeTax": "2691400000",
            "incomeTaxExpense": "541500000",
            "interestAndDebtExpense": "293700000",
            "netIncomeFromContinuingOperations": "2443600000",
            "comprehensiveIncomeNetOfTax": "2057900000",
            "ebit": "2985100000",
            "ebitda": "3454300000",
            "netIncome": "2149900000"
        },
        {
            "fiscalDateEnding": "2021-06-30",
            "reportedCurrency": "USD",
            "grossProfit": "4273000000",
            "totalRevenue": "5887900000",
            "costOfRevenue": "1614900000",
            "costofGoodsAndServicesSold": "579100000",
            "operatingIncome": "2691100000",
            "sellingGeneralAndAdministrative": "572400000",
            "researchAndDevelopment": "None",
            "operatingExpenses": "1035800000",
            "investmentIncomeNet": "None",
            "netInterestIncome": "-296500000",
            "interestIncome": "296500000",
            "interestExpense": "296500000",
            "nonInterestIncome": "98000000",
            "otherNonOperatingIncome": "-18600000",
            "depreciation": "None",
            "depreciationAndAmortization": "463400000",
            "incomeBeforeTax": "2376000000",
            "incomeTaxExpense": "156700000",
            "interestAndDebtExpense": "296500000",
            "netIncomeFromContinuingOperations": "2515800000",
            "comprehensiveIncomeNetOfTax": "2284000000",
            "ebit": "2672500000",
            "ebitda": "3135900000",
            "netIncome": "2219300000"
        },
        {
            "fiscalDateEnding": "2021-03-31",
            "reportedCurrency": "USD",
            "grossProfit": "3608800000",
            "totalRevenue": "5124600000",
            "costOfRevenue": "1515800000",
            "costofGoodsAndServicesSold": "571500000",
            "operatingIncome": "2281300000",
            "sellingGeneralAndAdministrative": "490400000",
            "researchAndDevelopment": "None",
            "operatingExpenses": "944300000",
            "investmentIncomeNet": "None",
            "netInterestIncome": "-300000000",
            "interestIncome": "300000000",
            "interestExpense": "300000000",
            "nonInterestIncome": "128600000",
            "otherNonOperatingIncome": "-28600000",
            "depreciation": "None",
            "depreciationAndAmortization": "453900000",
            "incomeBeforeTax": "1952700000",
            "incomeTaxExpense": "415500000",
            "interestAndDebtExpense": "300000000",
            "netIncomeFromContinuingOperations": "1837200000",
            "comprehensiveIncomeNetOfTax": "1488100000",
            "ebit": "2252700000",
            "ebitda": "2706600000",
            "netIncome": "1537200000"
        },
        {
            "fiscalDateEnding": "2020-12-31",
            "reportedCurrency": "USD",
            "grossProfit": "5824399973",
            "totalRevenue": "5313800000",
            "costOfRevenue": "-510599973",
            "costofGoodsAndServicesSold": "2533600000",
            "operatingIncome": "2142900000",
            "sellingGeneralAndAdministrative": "698000000",
            "researchAndDevelopment": "None",
            "operatingExpenses": "1107800026",
            "investmentIncomeNet": "None",
            "netInterestIncome": "-308900000",
            "interestIncome": "308900000",
            "interestExpense": "308900000",
            "nonInterestIncome": "-110800000",
            "otherNonOperatingIncome": "-4000000",
            "depreciation": "None",
            "depreciationAndAmortization": "464300000",
            "incomeBeforeTax": "1830000000",
            "incomeTaxExpense": "452800000",
            "interestAndDebtExpense": "308900000",
            "netIncomeFromContinuingOperations": "1803500000",
            "comprehensiveIncomeNetOfTax": "1549200000",
            "ebit": "2138900000",
            "ebitda": "2603200000",
            "netIncome": "1377200000"
        },
        {
            "fiscalDateEnding": "2020-09-30",
            "reportedCurrency": "USD",
            "grossProfit": "3955400000",
            "totalRevenue": "5418100000",
            "costOfRevenue": "1462700000",
            "costofGoodsAndServicesSold": "567900000",
            "operatingIncome": "2526400000",
            "sellingGeneralAndAdministrative": "454700000",
            "researchAndDevelopment": "None",
            "operatingExpenses": "894800000",
            "investmentIncomeNet": "None",
            "netInterestIncome": "-310100000",
            "interestIncome": "307300000",
            "interestExpense": "310100000",
            "nonInterestIncome": "None",
            "otherNonOperatingIncome": "800000",
            "depreciation": "None",
            "depreciationAndAmortization": "440100000",
            "incomeBeforeTax": "2217100000",
            "incomeTaxExpense": "454500000",
            "interestAndDebtExpense": "310100000",
            "netIncomeFromContinuingOperations": "2072700000",
            "comprehensiveIncomeNetOfTax": "1810100000",
            "ebit": "2527200000",
            "ebitda": "2967300000",
            "netIncome": "1762600000"
        },
        {
            "fiscalDateEnding": "2020-06-30",
            "reportedCurrency": "USD",
            "grossProfit": "2223400000",
            "totalRevenue": "3761500000",
            "costOfRevenue": "1538100000",
            "costofGoodsAndServicesSold": "524500000",
            "operatingIncome": "961100000",
            "sellingGeneralAndAdministrative": "576000000",
            "researchAndDevelopment": "None",
            "operatingExpenses": "1013600000",
            "investmentIncomeNet": "None",
            "netInterestIncome": "-319100000",
            "interestIncome": "313500000",
            "interestExpense": "319100000",
            "nonInterestIncome": "None",
            "otherNonOperatingIncome": "6700000",
            "depreciation": "None",
            "depreciationAndAmortization": "425700000",
            "incomeBeforeTax": "648700000",
            "incomeTaxExpense": "164900000",
            "interestAndDebtExpense": "319100000",
            "netIncomeFromContinuingOperations": "802900000",
            "comprehensiveIncomeNetOfTax": "673900000",
            "ebit": "967800000",
            "ebitda": "1393500000",
            "netIncome": "483800000"
        },
        {
            "fiscalDateEnding": "2020-03-31",
            "reportedCurrency": "USD",
            "grossProfit": "3222600000",
            "totalRevenue": "4714400000",
            "costOfRevenue": "1491800000",
            "costofGoodsAndServicesSold": "554200000",
            "operatingIncome": "1693600000",
            "sellingGeneralAndAdministrative": "516300000",
            "researchAndDevelopment": "None",
            "operatingExpenses": "937600000",
            "investmentIncomeNet": "None",
            "netInterestIncome": "-280000000",
            "interestIncome": "5400000",
            "interestExpense": "280000000",
            "nonInterestIncome": "None",
            "otherNonOperatingIncome": "31300000",
            "depreciation": "None",
            "depreciationAndAmortization": "421300000",
            "incomeBeforeTax": "1444900000",
            "incomeTaxExpense": "338000000",
            "interestAndDebtExpense": "280000000",
            "netIncomeFromContinuingOperations": "1386900000",
            "comprehensiveIncomeNetOfTax": "593200000",
            "ebit": "1724900000",
            "ebitda": "2146200000",
            "netIncome": "1106900000"
        },
        {
            "fiscalDateEnding": "2019-12-31",
            "reportedCurrency": "USD",
            "grossProfit": "5349000000",
            "totalRevenue": "5349000000",
            "costOfRevenue": "-669500000",
            "costofGoodsAndServicesSold": "2502900000",
            "operatingIncome": "2292600000",
            "sellingGeneralAndAdministrative": "653600000",
            "researchAndDevelopment": "None",
            "operatingExpenses": "839600000",
            "investmentIncomeNet": "None",
            "netInterestIncome": "-283000000",
            "interestIncome": "7400000",
            "interestExpense": "283000000",
            "nonInterestIncome": "None",
            "otherNonOperatingIncome": "17200000",
            "depreciation": "None",
            "depreciationAndAmortization": "413600000",
            "incomeBeforeTax": "2026800000",
            "incomeTaxExpense": "454600000",
            "interestAndDebtExpense": "283000000",
            "netIncomeFromContinuingOperations": "2292600000",
            "comprehensiveIncomeNetOfTax": "1752600000",
            "ebit": "2309800000",
            "ebitda": "2723400000",
            "netIncome": "1572200000"
        },
        {
            "fiscalDateEnding": "2019-09-30",
            "reportedCurrency": "USD",
            "grossProfit": "3914100000",
            "totalRevenue": "5502300000",
            "costOfRevenue": "1516500000",
            "costofGoodsAndServicesSold": "559500000",
            "operatingIncome": "2409300000",
            "sellingGeneralAndAdministrative": "543600000",
            "researchAndDevelopment": "None",
            "operatingExpenses": "957000000",
            "investmentIncomeNet": "None",
            "netInterestIncome": "-280600000",
            "interestIncome": "8900000",
            "interestExpense": "280600000",
            "nonInterestIncome": "None",
            "otherNonOperatingIncome": "23500000",
            "depreciation": "None",
            "depreciationAndAmortization": "413400000",
            "incomeBeforeTax": "2152200000",
            "incomeTaxExpense": "544300000",
            "interestAndDebtExpense": "280600000",
            "netIncomeFromContinuingOperations": "1888500000",
            "comprehensiveIncomeNetOfTax": "1441400000",
            "ebit": "2432800000",
            "ebitda": "2846200000",
            "netIncome": "1607900000"
        },
        {
            "fiscalDateEnding": "2019-06-30",
            "reportedCurrency": "USD",
            "grossProfit": "3865200000",
            "totalRevenue": "5409800000",
            "costOfRevenue": "1476100000",
            "costofGoodsAndServicesSold": "544700000",
            "operatingIncome": "2273900000",
            "sellingGeneralAndAdministrative": "533100000",
            "researchAndDevelopment": "None",
            "operatingExpenses": "931400000",
            "investmentIncomeNet": "None",
            "netInterestIncome": "-284200000",
            "interestIncome": "10700000",
            "interestExpense": "284200000",
            "nonInterestIncome": "None",
            "otherNonOperatingIncome": "18100000",
            "depreciation": "None",
            "depreciationAndAmortization": "398300000",
            "incomeBeforeTax": "2007800000",
            "incomeTaxExpense": "490900000",
            "interestAndDebtExpense": "284200000",
            "netIncomeFromContinuingOperations": "1801100000",
            "comprehensiveIncomeNetOfTax": "1540400000",
            "ebit": "2292000000",
            "ebitda": "2690300000",
            "netIncome": "1516900000"
        },
        {
            "fiscalDateEnding": "2019-03-31",
            "reportedCurrency": "USD",
            "grossProfit": "3530800000",
            "totalRevenue": "5024100000",
            "costOfRevenue": "1424800000",
            "costofGoodsAndServicesSold": "533100000",
            "operatingIncome": "2094000000",
            "sellingGeneralAndAdministrative": "499100000",
            "researchAndDevelopment": "None",
            "operatingExpenses": "891700000",
            "investmentIncomeNet": "None",
            "netInterestIncome": "-274100000",
            "interestIncome": "10000000",
            "interestExpense": "274100000",
            "nonInterestIncome": "None",
            "otherNonOperatingIncome": "11400000",
            "depreciation": "None",
            "depreciationAndAmortization": "392600000",
            "incomeBeforeTax": "1831300000",
            "incomeTaxExpense": "502900000",
            "interestAndDebtExpense": "274100000",
            "netIncomeFromContinuingOperations": "1602500000",
            "comprehensiveIncomeNetOfTax": "1417800000",
            "ebit": "2105400000",
            "ebitda": "2498000000",
            "netIncome": "1328400000"
        },
        {
            "fiscalDateEnding": "2018-12-31",
            "reportedCurrency": "USD",
            "grossProfit": "5163000000",
            "totalRevenue": "5163000000",
            "costOfRevenue": "1497400000",
            "costofGoodsAndServicesSold": "509700000",
            "operatingIncome": "1999500000",
            "sellingGeneralAndAdministrative": "609800000",
            "researchAndDevelopment": "None",
            "operatingExpenses": "936000000",
            "investmentIncomeNet": "None",
            "netInterestIncome": "-254100000",
            "interestIncome": "None",
            "interestExpense": "254100000",
            "nonInterestIncome": "51700000",
            "otherNonOperatingIncome": "6000000",
            "depreciation": "None",
            "depreciationAndAmortization": "379000000",
            "incomeBeforeTax": "1751400000",
            "incomeTaxExpense": "336100000",
            "interestAndDebtExpense": "254100000",
            "netIncomeFromContinuingOperations": "1999500000",
            "comprehensiveIncomeNetOfTax": "1314100000",
            "ebit": "2005500000",
            "ebitda": "2384500000",
            "netIncome": "1415300000"
        },
        {
            "fiscalDateEnding": "2018-09-30",
            "reportedCurrency": "USD",
            "grossProfit": "3979700000",
            "totalRevenue": "5369400000",
            "costOfRevenue": "1389700000",
            "costofGoodsAndServicesSold": "499400000",
            "operatingIncome": "2417700000",
            "sellingGeneralAndAdministrative": "515200000",
            "researchAndDevelopment": "None",
            "operatingExpenses": "822300000",
            "investmentIncomeNet": "None",
            "netInterestIncome": "-250100000",
            "interestIncome": "None",
            "interestExpense": "250100000",
            "nonInterestIncome": "68000000",
            "otherNonOperatingIncome": "-8900000",
            "depreciation": "None",
            "depreciationAndAmortization": "375100000",
            "incomeBeforeTax": "2158700000",
            "incomeTaxExpense": "521400000",
            "interestAndDebtExpense": "250100000",
            "netIncomeFromContinuingOperations": "1887400000",
            "comprehensiveIncomeNetOfTax": "1564000000",
            "ebit": "2408800000",
            "ebitda": "2783900000",
            "netIncome": "1637300000"
        },
        {
            "fiscalDateEnding": "2018-06-30",
            "reportedCurrency": "USD",
            "grossProfit": "3962900000",
            "totalRevenue": "5353900000",
            "costOfRevenue": "1391000000",
            "costofGoodsAndServicesSold": "483900000",
            "operatingIncome": "2262300000",
            "sellingGeneralAndAdministrative": "542100000",
            "researchAndDevelopment": "None",
            "operatingExpenses": "907100000",
            "investmentIncomeNet": "None",
            "netInterestIncome": "-240200000",
            "interestIncome": "None",
            "interestExpense": "240200000",
            "nonInterestIncome": "None",
            "otherNonOperatingIncome": "-4000000",
            "depreciation": "None",
            "depreciationAndAmortization": "365000000",
            "incomeBeforeTax": "2018100000",
            "incomeTaxExpense": "521800000",
            "interestAndDebtExpense": "240200000",
            "netIncomeFromContinuingOperations": "1736500000",
            "comprehensiveIncomeNetOfTax": "1207800000",
            "ebit": "2258300000",
            "ebitda": "2623300000",
            "netIncome": "1496300000"
        }
    ]
}