{
    "symbol": "WM",
    "annualReports": [
        {
            "fiscalDateEnding": "2022-12-31",
            "reportedCurrency": "USD",
            "grossProfit": "4770000000",
            "totalRevenue": "19294000000",
            "costOfRevenue": "14524000000",
            "costofGoodsAndServicesSold": "12294000000",
            "operatingIncome": "3365000000",
            "sellingGeneralAndAdministrative": "1938000000",
            "researchAndDevelopment": "None",
            "operatingExpenses": "2280000000",
            "investmentIncomeNet": "None",
            "netInterestIncome": "-425000000",
            "interestIncome": "445000000",
            "interestExpense": "425000000",
            "nonInterestIncome": "19719000000",
            "otherNonOperatingIncome": "-2000000",
            "depreciation": "None",
            "depreciationAndAmortization": "129000000",
            "incomeBeforeTax": "2916000000",
            "incomeTaxExpense": "678000000",
            "interestAndDebtExpense": "425000000",
            "netIncomeFromContinuingOperations": "2240000000",
            "comprehensiveIncomeNetOfTax": "2152000000",
            "ebit": "3365000000",
            "ebitda": "3470000000",
            "netIncome": "2238000000"
        },
        {
            "fiscalDateEnding": "2021-12-31",
            "reportedCurrency": "USD",
            "grossProfit": "4103000000",
            "totalRevenue": "17348000000",
            "costOfRevenue": "13245000000",
            "costofGoodsAndServicesSold": "11111000000",
            "operatingIncome": "2965000000",
            "sellingGeneralAndAdministrative": "1864000000",
            "researchAndDevelopment": "None",
            "operatingExpenses": "2125000000",
            "investmentIncomeNet": "None",
            "netInterestIncome": "-388000000",
            "interestIncome": "401000000",
            "interestExpense": "388000000",
            "nonInterestIncome": "17736000000",
            "otherNonOperatingIncome": "5000000",
            "depreciation": "None",
            "depreciationAndAmortization": "143000000",
            "incomeBeforeTax": "2348000000",
            "incomeTaxExpense": "532000000",
            "interestAndDebtExpense": "608000000",
            "netIncomeFromContinuingOperations": "1817000000",
            "comprehensiveIncomeNetOfTax": "1794000000",
            "ebit": "2965000000",
            "ebitda": "2879000000",
            "netIncome": "1816000000"
        },
        {
            "fiscalDateEnding": "2020-12-31",
            "reportedCurrency": "USD",
            "grossProfit": "3345000000",
            "totalRevenue": "14701000000",
            "costOfRevenue": "11356000000",
            "costofGoodsAndServicesSold": "9341000000",
            "operatingIncome": "2434000000",
            "sellingGeneralAndAdministrative": "1728000000",
            "researchAndDevelopment": "None",
            "operatingExpenses": "2033000000",
            "investmentIncomeNet": "None",
            "netInterestIncome": "-473000000",
            "interestIncome": "486000000",
            "interestExpense": "473000000",
            "nonInterestIncome": "15174000000",
            "otherNonOperatingIncome": "5000000",
            "depreciation": "None",
            "depreciationAndAmortization": "107000000",
            "incomeBeforeTax": "1893000000",
            "incomeTaxExpense": "397000000",
            "interestAndDebtExpense": "526000000",
            "netIncomeFromContinuingOperations": "1496000000",
            "comprehensiveIncomeNetOfTax": "1543000000",
            "ebit": "2434000000",
            "ebitda": "2473000000",
            "netIncome": "1496000000"
        },
        {
            "fiscalDateEnding": "2019-12-31",
            "reportedCurrency": "USD",
            "grossProfit": "3533000000",
            "totalRevenue": "14912000000",
            "costOfRevenue": "11379000000",
            "costofGoodsAndServicesSold": "9496000000",
            "operatingIncome": "2706000000",
            "sellingGeneralAndAdministrative": "1631000000",
            "researchAndDevelopment": "None",
            "operatingExpenses": "1895000000",
            "investmentIncomeNet": "None",
            "netInterestIncome": "-485000000",
            "interestIncome": "466000000",
            "interestExpense": "485000000",
            "nonInterestIncome": "15397000000",
            "otherNonOperatingIncome": "-50000000",
            "depreciation": "None",
            "depreciationAndAmortization": "106000000",
            "incomeBeforeTax": "2104000000",
            "incomeTaxExpense": "434000000",
            "interestAndDebtExpense": "570000000",
            "netIncomeFromContinuingOperations": "1671000000",
            "comprehensiveIncomeNetOfTax": "1749000000",
            "ebit": "2706000000",
            "ebitda": "2695000000",
            "netIncome": "1670000000"
        },
        {
            "fiscalDateEnding": "2018-12-31",
            "reportedCurrency": "USD",
            "grossProfit": "3621000000",
            "totalRevenue": "14561000000",
            "costOfRevenue": "10940000000",
            "costofGoodsAndServicesSold": "9249000000",
            "operatingIncome": "2789000000",
            "sellingGeneralAndAdministrative": "1453000000",
            "researchAndDevelopment": "None",
            "operatingExpenses": "1649000000",
            "investmentIncomeNet": "None",
            "netInterestIncome": "-400000000",
            "interestIncome": "415000000",
            "interestExpense": "400000000",
            "nonInterestIncome": "14961000000",
            "otherNonOperatingIncome": "2000000",
            "depreciation": "None",
            "depreciationAndAmortization": "101000000",
            "incomeBeforeTax": "2378000000",
            "incomeTaxExpense": "453000000",
            "interestAndDebtExpense": "400000000",
            "netIncomeFromContinuingOperations": "1923000000",
            "comprehensiveIncomeNetOfTax": "1835000000",
            "ebit": "2789000000",
            "ebitda": "2879000000",
            "netIncome": "1925000000"
        }
    ],
    "quarterlyReports": [
        {
            "fiscalDateEnding": "2023-06-30",
            "reportedCurrency": "USD",
            "grossProfit": "1465000000",
            "totalRevenue": "5119000000",
            "costOfRevenue": "3654000000",
            "costofGoodsAndServicesSold": "3186000000",
            "operatingIncome": "944000000",
            "sellingGeneralAndAdministrative": "467000000",
            "researchAndDevelopment": "None",
            "operatingExpenses": "468000000",
            "investmentIncomeNet": "None",
            "netInterestIncome": "-125000000",
            "interestIncome": "None",
            "interestExpense": "125000000",
            "nonInterestIncome": "5119000000",
            "otherNonOperatingIncome": "2000000",
            "depreciation": "None",
            "depreciationAndAmortization": "512000000",
            "incomeBeforeTax": "811000000",
            "incomeTaxExpense": "196000000",
            "interestAndDebtExpense": "None",
            "netIncomeFromContinuingOperations": "613000000",
            "comprehensiveIncomeNetOfTax": "640000000",
            "ebit": "944000000",
            "ebitda": "1456000000",
            "netIncome": "615000000"
        },
        {
            "fiscalDateEnding": "2023-03-31",
            "reportedCurrency": "USD",
            "grossProfit": "1305000000",
            "totalRevenue": "4902000000",
            "costOfRevenue": "3597000000",
            "costofGoodsAndServicesSold": "3086000000",
            "operatingIncome": "825000000",
            "sellingGeneralAndAdministrative": "476000000",
            "researchAndDevelopment": "None",
            "operatingExpenses": "501000000",
            "investmentIncomeNet": "None",
            "netInterestIncome": "-120000000",
            "interestIncome": "131000000",
            "interestExpense": "120000000",
            "nonInterestIncome": "4902000000",
            "otherNonOperatingIncome": "2000000",
            "depreciation": "None",
            "depreciationAndAmortization": "496000000",
            "incomeBeforeTax": "697000000",
            "incomeTaxExpense": "164000000",
            "interestAndDebtExpense": "None",
            "netIncomeFromContinuingOperations": "532000000",
            "comprehensiveIncomeNetOfTax": "545000000",
            "ebit": "825000000",
            "ebitda": "1321000000",
            "netIncome": "533000000"
        },
        {
            "fiscalDateEnding": "2022-12-31",
            "reportedCurrency": "USD",
            "grossProfit": "739000000",
            "totalRevenue": "4526000000",
            "costOfRevenue": "3787000000",
            "costofGoodsAndServicesSold": "3093000000",
            "operatingIncome": "765000000",
            "sellingGeneralAndAdministrative": "487000000",
            "researchAndDevelopment": "None",
            "operatingExpenses": "749000000",
            "investmentIncomeNet": "None",
            "netInterestIncome": "-109000000",
            "interestIncome": "127000000",
            "interestExpense": "109000000",
            "nonInterestIncome": "4951000000",
            "otherNonOperatingIncome": "5000000",
            "depreciation": "None",
            "depreciationAndAmortization": "577000000",
            "incomeBeforeTax": "642000000",
            "incomeTaxExpense": "143000000",
            "interestAndDebtExpense": "None",
            "netIncomeFromContinuingOperations": "500000000",
            "comprehensiveIncomeNetOfTax": "522000000",
            "ebit": "765000000",
            "ebitda": "1342000000",
            "netIncome": "499000000"
        },
        {
            "fiscalDateEnding": "2022-09-30",
            "reportedCurrency": "USD",
            "grossProfit": "1445000000",
            "totalRevenue": "5075000000",
            "costOfRevenue": "3630000000",
            "costofGoodsAndServicesSold": "3156000000",
            "operatingIncome": "942000000",
            "sellingGeneralAndAdministrative": "473000000",
            "researchAndDevelopment": "None",
            "operatingExpenses": "474000000",
            "investmentIncomeNet": "None",
            "netInterestIncome": "-91000000",
            "interestIncome": "108000000",
            "interestExpense": "91000000",
            "nonInterestIncome": "5075000000",
            "otherNonOperatingIncome": "-6000000",
            "depreciation": "None",
            "depreciationAndAmortization": "481000000",
            "incomeBeforeTax": "828000000",
            "incomeTaxExpense": "189000000",
            "interestAndDebtExpense": "None",
            "netIncomeFromContinuingOperations": "639000000",
            "comprehensiveIncomeNetOfTax": "564000000",
            "ebit": "942000000",
            "ebitda": "1423000000",
            "netIncome": "639000000"
        },
        {
            "fiscalDateEnding": "2022-06-30",
            "reportedCurrency": "USD",
            "grossProfit": "1398000000",
            "totalRevenue": "5027000000",
            "costOfRevenue": "3629000000",
            "costofGoodsAndServicesSold": "3142000000",
            "operatingIncome": "890000000",
            "sellingGeneralAndAdministrative": "487000000",
            "researchAndDevelopment": "None",
            "operatingExpenses": "487000000",
            "investmentIncomeNet": "None",
            "netInterestIncome": "-93000000",
            "interestIncome": "110000000",
            "interestExpense": "93000000",
            "nonInterestIncome": "5027000000",
            "otherNonOperatingIncome": "-4000000",
            "depreciation": "None",
            "depreciationAndAmortization": "487000000",
            "incomeBeforeTax": "776000000",
            "incomeTaxExpense": "189000000",
            "interestAndDebtExpense": "None",
            "netIncomeFromContinuingOperations": "587000000",
            "comprehensiveIncomeNetOfTax": "555000000",
            "ebit": "890000000",
            "ebitda": "1377000000",
            "netIncome": "587000000"
        },
        {
            "fiscalDateEnding": "2022-03-31",
            "reportedCurrency": "USD",
            "grossProfit": "1243000000",
            "totalRevenue": "4665000000",
            "costOfRevenue": "3422000000",
            "costofGoodsAndServicesSold": "2903000000",
            "operatingIncome": "768000000",
            "sellingGeneralAndAdministrative": "491000000",
            "researchAndDevelopment": "None",
            "operatingExpenses": "515000000",
            "investmentIncomeNet": "None",
            "netInterestIncome": "-85000000",
            "interestIncome": "100000000",
            "interestExpense": "85000000",
            "nonInterestIncome": "4665000000",
            "otherNonOperatingIncome": "3000000",
            "depreciation": "None",
            "depreciationAndAmortization": "487000000",
            "incomeBeforeTax": "670000000",
            "incomeTaxExpense": "157000000",
            "interestAndDebtExpense": "None",
            "netIncomeFromContinuingOperations": "514000000",
            "comprehensiveIncomeNetOfTax": "511000000",
            "ebit": "768000000",
            "ebitda": "1255000000",
            "netIncome": "513000000"
        },
        {
            "fiscalDateEnding": "2021-12-31",
            "reportedCurrency": "USD",
            "grossProfit": "670000000",
            "totalRevenue": "4299000000",
            "costOfRevenue": "3629000000",
            "costofGoodsAndServicesSold": "2955000000",
            "operatingIncome": "718000000",
            "sellingGeneralAndAdministrative": "492000000",
            "researchAndDevelopment": "None",
            "operatingExpenses": "681000000",
            "investmentIncomeNet": "None",
            "netInterestIncome": "-83000000",
            "interestIncome": "85000000",
            "interestExpense": "83000000",
            "nonInterestIncome": "4687000000",
            "otherNonOperatingIncome": "9000000",
            "depreciation": "None",
            "depreciationAndAmortization": "510000000",
            "incomeBeforeTax": "642000000",
            "incomeTaxExpense": "136000000",
            "interestAndDebtExpense": "388000000",
            "netIncomeFromContinuingOperations": "506000000",
            "comprehensiveIncomeNetOfTax": "511000000",
            "ebit": "718000000",
            "ebitda": "1235000000",
            "netIncome": "506000000"
        },
        {
            "fiscalDateEnding": "2021-09-30",
            "reportedCurrency": "USD",
            "grossProfit": "1289000000",
            "totalRevenue": "4665000000",
            "costOfRevenue": "3376000000",
            "costofGoodsAndServicesSold": "2906000000",
            "operatingIncome": "806000000",
            "sellingGeneralAndAdministrative": "469000000",
            "researchAndDevelopment": "None",
            "operatingExpenses": "435000000",
            "investmentIncomeNet": "None",
            "netInterestIncome": "-87000000",
            "interestIncome": "101000000",
            "interestExpense": "87000000",
            "nonInterestIncome": "4665000000",
            "otherNonOperatingIncome": "1000000",
            "depreciation": "None",
            "depreciationAndAmortization": "517000000",
            "incomeBeforeTax": "705000000",
            "incomeTaxExpense": "167000000",
            "interestAndDebtExpense": "0",
            "netIncomeFromContinuingOperations": "539000000",
            "comprehensiveIncomeNetOfTax": "480000000",
            "ebit": "806000000",
            "ebitda": "1309000000",
            "netIncome": "538000000"
        },
        {
            "fiscalDateEnding": "2021-06-30",
            "reportedCurrency": "USD",
            "grossProfit": "1071000000",
            "totalRevenue": "4256000000",
            "costOfRevenue": "3185000000",
            "costofGoodsAndServicesSold": "2736000000",
            "operatingIncome": "791000000",
            "sellingGeneralAndAdministrative": "445000000",
            "researchAndDevelopment": "None",
            "operatingExpenses": "449000000",
            "investmentIncomeNet": "None",
            "netInterestIncome": "-98000000",
            "interestIncome": "109000000",
            "interestExpense": "98000000",
            "nonInterestIncome": "4256000000",
            "otherNonOperatingIncome": "-6000000",
            "depreciation": "None",
            "depreciationAndAmortization": "500000000",
            "incomeBeforeTax": "456000000",
            "incomeTaxExpense": "105000000",
            "interestAndDebtExpense": "220000000",
            "netIncomeFromContinuingOperations": "351000000",
            "comprehensiveIncomeNetOfTax": "373000000",
            "ebit": "791000000",
            "ebitda": "1054000000",
            "netIncome": "351000000"
        },
        {
            "fiscalDateEnding": "2021-03-31",
            "reportedCurrency": "USD",
            "grossProfit": "1116000000",
            "totalRevenue": "4121000000",
            "costOfRevenue": "3005000000",
            "costofGoodsAndServicesSold": "2514000000",
            "operatingIncome": "650000000",
            "sellingGeneralAndAdministrative": "458000000",
            "researchAndDevelopment": "None",
            "operatingExpenses": "483000000",
            "investmentIncomeNet": "None",
            "netInterestIncome": "-97000000",
            "interestIncome": "106000000",
            "interestExpense": "97000000",
            "nonInterestIncome": "4121000000",
            "otherNonOperatingIncome": "1000000",
            "depreciation": "None",
            "depreciationAndAmortization": "472000000",
            "incomeBeforeTax": "545000000",
            "incomeTaxExpense": "124000000",
            "interestAndDebtExpense": "0",
            "netIncomeFromContinuingOperations": "421000000",
            "comprehensiveIncomeNetOfTax": "430000000",
            "ebit": "650000000",
            "ebitda": "1114000000",
            "netIncome": "421000000"
        },
        {
            "fiscalDateEnding": "2020-12-31",
            "reportedCurrency": "USD",
            "grossProfit": "379000000",
            "totalRevenue": "3592000000",
            "costOfRevenue": "3213000000",
            "costofGoodsAndServicesSold": "2500000000",
            "operatingIncome": "654000000",
            "sellingGeneralAndAdministrative": "510000000",
            "researchAndDevelopment": "None",
            "operatingExpenses": "701000000",
            "investmentIncomeNet": "None",
            "netInterestIncome": "-97000000",
            "interestIncome": "109000000",
            "interestExpense": "97000000",
            "nonInterestIncome": "4065000000",
            "otherNonOperatingIncome": "3000000",
            "depreciation": "None",
            "depreciationAndAmortization": "436000000",
            "incomeBeforeTax": "547000000",
            "incomeTaxExpense": "109000000",
            "interestAndDebtExpense": "474000000",
            "netIncomeFromContinuingOperations": "438000000",
            "comprehensiveIncomeNetOfTax": "493000000",
            "ebit": "654000000",
            "ebitda": "1080000000",
            "netIncome": "438000000"
        },
        {
            "fiscalDateEnding": "2020-09-30",
            "reportedCurrency": "USD",
            "grossProfit": "1054000000",
            "totalRevenue": "3809000000",
            "costOfRevenue": "2755000000",
            "costofGoodsAndServicesSold": "2332000000",
            "operatingIncome": "680000000",
            "sellingGeneralAndAdministrative": "416000000",
            "researchAndDevelopment": "None",
            "operatingExpenses": "423000000",
            "investmentIncomeNet": "None",
            "netInterestIncome": "-97000000",
            "interestIncome": "113000000",
            "interestExpense": "97000000",
            "nonInterestIncome": "3809000000",
            "otherNonOperatingIncome": "1000000",
            "depreciation": "None",
            "depreciationAndAmortization": "419000000",
            "incomeBeforeTax": "516000000",
            "incomeTaxExpense": "126000000",
            "interestAndDebtExpense": "52000000",
            "netIncomeFromContinuingOperations": "390000000",
            "comprehensiveIncomeNetOfTax": "415000000",
            "ebit": "680000000",
            "ebitda": "1032000000",
            "netIncome": "390000000"
        },
        {
            "fiscalDateEnding": "2020-06-30",
            "reportedCurrency": "USD",
            "grossProfit": "941000000",
            "totalRevenue": "3561000000",
            "costOfRevenue": "2620000000",
            "costofGoodsAndServicesSold": "2180000000",
            "operatingIncome": "527000000",
            "sellingGeneralAndAdministrative": "377000000",
            "researchAndDevelopment": "None",
            "operatingExpenses": "440000000",
            "investmentIncomeNet": "None",
            "netInterestIncome": "-119000000",
            "interestIncome": "133000000",
            "interestExpense": "119000000",
            "nonInterestIncome": "3561000000",
            "otherNonOperatingIncome": "1000000",
            "depreciation": "None",
            "depreciationAndAmortization": "414000000",
            "incomeBeforeTax": "395000000",
            "incomeTaxExpense": "88000000",
            "interestAndDebtExpense": "None",
            "netIncomeFromContinuingOperations": "307000000",
            "comprehensiveIncomeNetOfTax": "357000000",
            "ebit": "527000000",
            "ebitda": "928000000",
            "netIncome": "307000000"
        },
        {
            "fiscalDateEnding": "2020-03-31",
            "reportedCurrency": "USD",
            "grossProfit": "954000000",
            "totalRevenue": "3732000000",
            "costOfRevenue": "2778000000",
            "costofGoodsAndServicesSold": "2329000000",
            "operatingIncome": "573000000",
            "sellingGeneralAndAdministrative": "425000000",
            "researchAndDevelopment": "None",
            "operatingExpenses": "460000000",
            "investmentIncomeNet": "None",
            "netInterestIncome": "-112000000",
            "interestIncome": "131000000",
            "interestExpense": "112000000",
            "nonInterestIncome": "3732000000",
            "otherNonOperatingIncome": "0",
            "depreciation": "None",
            "depreciationAndAmortization": "402000000",
            "incomeBeforeTax": "435000000",
            "incomeTaxExpense": "74000000",
            "interestAndDebtExpense": "None",
            "netIncomeFromContinuingOperations": "361000000",
            "comprehensiveIncomeNetOfTax": "278000000",
            "ebit": "573000000",
            "ebitda": "949000000",
            "netIncome": "361000000"
        },
        {
            "fiscalDateEnding": "2019-12-31",
            "reportedCurrency": "USD",
            "grossProfit": "3809000000",
            "totalRevenue": "3846000000",
            "costOfRevenue": "37000000",
            "costofGoodsAndServicesSold": "2314000000",
            "operatingIncome": "655000000",
            "sellingGeneralAndAdministrative": "445000000",
            "researchAndDevelopment": "None",
            "operatingExpenses": "37000000",
            "investmentIncomeNet": "None",
            "netInterestIncome": "-110000000",
            "interestIncome": "126000000",
            "interestExpense": "110000000",
            "nonInterestIncome": "3846000000",
            "otherNonOperatingIncome": "2000000",
            "depreciation": "None",
            "depreciationAndAmortization": "395000000",
            "incomeBeforeTax": "531000000",
            "incomeTaxExpense": "84000000",
            "interestAndDebtExpense": "485000000",
            "netIncomeFromContinuingOperations": "655000000",
            "comprehensiveIncomeNetOfTax": "472000000",
            "ebit": "655000000",
            "ebitda": "1036000000",
            "netIncome": "447000000"
        },
        {
            "fiscalDateEnding": "2019-09-30",
            "reportedCurrency": "USD",
            "grossProfit": "1138000000",
            "totalRevenue": "3966000000",
            "costOfRevenue": "2828000000",
            "costofGoodsAndServicesSold": "2441000000",
            "operatingIncome": "734000000",
            "sellingGeneralAndAdministrative": "386000000",
            "researchAndDevelopment": "None",
            "operatingExpenses": "387000000",
            "investmentIncomeNet": "None",
            "netInterestIncome": "-105000000",
            "interestIncome": "119000000",
            "interestExpense": "105000000",
            "nonInterestIncome": "3966000000",
            "otherNonOperatingIncome": "1000000",
            "depreciation": "None",
            "depreciationAndAmortization": "404000000",
            "incomeBeforeTax": "615000000",
            "incomeTaxExpense": "120000000",
            "interestAndDebtExpense": "1000000",
            "netIncomeFromContinuingOperations": "495000000",
            "comprehensiveIncomeNetOfTax": "484000000",
            "ebit": "734000000",
            "ebitda": "1124000000",
            "netIncome": "495000000"
        },
        {
            "fiscalDateEnding": "2019-06-30",
            "reportedCurrency": "USD",
            "grossProfit": "1028000000",
            "totalRevenue": "3862000000",
            "costOfRevenue": "2834000000",
            "costofGoodsAndServicesSold": "2443000000",
            "operatingIncome": "696000000",
            "sellingGeneralAndAdministrative": "391000000",
            "researchAndDevelopment": "None",
            "operatingExpenses": "391000000",
            "investmentIncomeNet": "None",
            "netInterestIncome": "-100000000",
            "interestIncome": "116000000",
            "interestExpense": "100000000",
            "nonInterestIncome": "3862000000",
            "otherNonOperatingIncome": "1000000",
            "depreciation": "None",
            "depreciationAndAmortization": "409000000",
            "incomeBeforeTax": "496000000",
            "incomeTaxExpense": "115000000",
            "interestAndDebtExpense": "84000000",
            "netIncomeFromContinuingOperations": "382000000",
            "comprehensiveIncomeNetOfTax": "412000000",
            "ebit": "696000000",
            "ebitda": "1005000000",
            "netIncome": "381000000"
        },
        {
            "fiscalDateEnding": "2019-03-31",
            "reportedCurrency": "USD",
            "grossProfit": "966000000",
            "totalRevenue": "3698000000",
            "costOfRevenue": "2732000000",
            "costofGoodsAndServicesSold": "2298000000",
            "operatingIncome": "621000000",
            "sellingGeneralAndAdministrative": "409000000",
            "researchAndDevelopment": "None",
            "operatingExpenses": "442000000",
            "investmentIncomeNet": "None",
            "netInterestIncome": "-96000000",
            "interestIncome": "105000000",
            "interestExpense": "96000000",
            "nonInterestIncome": "3698000000",
            "otherNonOperatingIncome": "-54000000",
            "depreciation": "None",
            "depreciationAndAmortization": "366000000",
            "incomeBeforeTax": "462000000",
            "incomeTaxExpense": "115000000",
            "interestAndDebtExpense": "0",
            "netIncomeFromContinuingOperations": "347000000",
            "comprehensiveIncomeNetOfTax": "381000000",
            "ebit": "621000000",
            "ebitda": "924000000",
            "netIncome": "347000000"
        },
        {
            "fiscalDateEnding": "2018-12-31",
            "reportedCurrency": "USD",
            "grossProfit": "3834000000",
            "totalRevenue": "3842000000",
            "costOfRevenue": "8000000",
            "costofGoodsAndServicesSold": "2379000000",
            "operatingIncome": "767000000",
            "sellingGeneralAndAdministrative": "370000000",
            "researchAndDevelopment": "None",
            "operatingExpenses": "8000000",
            "investmentIncomeNet": "None",
            "netInterestIncome": "None",
            "interestIncome": "None",
            "interestExpense": "97000000",
            "nonInterestIncome": "3842000000",
            "otherNonOperatingIncome": "1000000",
            "depreciation": "None",
            "depreciationAndAmortization": "370000000",
            "incomeBeforeTax": "659000000",
            "incomeTaxExpense": "128000000",
            "interestAndDebtExpense": "None",
            "netIncomeFromContinuingOperations": "767000000",
            "comprehensiveIncomeNetOfTax": "460000000",
            "ebit": "767000000",
            "ebitda": "1126000000",
            "netIncome": "531000000"
        },
        {
            "fiscalDateEnding": "2018-09-30",
            "reportedCurrency": "USD",
            "grossProfit": "1103000000",
            "totalRevenue": "3822000000",
            "costOfRevenue": "2719000000",
            "costofGoodsAndServicesSold": "2373000000",
            "operatingIncome": "699000000",
            "sellingGeneralAndAdministrative": "345000000",
            "researchAndDevelopment": "None",
            "operatingExpenses": "346000000",
            "investmentIncomeNet": "None",
            "netInterestIncome": "None",
            "interestIncome": "None",
            "interestExpense": "93000000",
            "nonInterestIncome": "3822000000",
            "otherNonOperatingIncome": "0",
            "depreciation": "None",
            "depreciationAndAmortization": "376000000",
            "incomeBeforeTax": "598000000",
            "incomeTaxExpense": "99000000",
            "interestAndDebtExpense": "None",
            "netIncomeFromContinuingOperations": "498000000",
            "comprehensiveIncomeNetOfTax": "532000000",
            "ebit": "699000000",
            "ebitda": "1067000000",
            "netIncome": "499000000"
        }
    ]
}