{
    "symbol": "UNP",
    "annualReports": [
        {
            "fiscalDateEnding": "2022-12-31",
            "reportedCurrency": "USD",
            "grossProfit": "13709000000",
            "totalRevenue": "24161000000",
            "costOfRevenue": "10452000000",
            "costofGoodsAndServicesSold": "5839000000",
            "operatingIncome": "9917000000",
            "sellingGeneralAndAdministrative": "5543000000",
            "researchAndDevelopment": "None",
            "operatingExpenses": "1164000000",
            "investmentIncomeNet": "None",
            "netInterestIncome": "-1271000000",
            "interestIncome": "1271000000",
            "interestExpense": "1271000000",
            "nonInterestIncome": "25432000000",
            "otherNonOperatingIncome": "426000000",
            "depreciation": "2246000000",
            "depreciationAndAmortization": "52000000",
            "incomeBeforeTax": "9072000000",
            "incomeTaxExpense": "2074000000",
            "interestAndDebtExpense": "1271000000",
            "netIncomeFromContinuingOperations": "6998000000",
            "comprehensiveIncomeNetOfTax": "7330000000",
            "ebit": "10343000000",
            "ebitda": "10395000000",
            "netIncome": "6998000000"
        },
        {
            "fiscalDateEnding": "2021-12-31",
            "reportedCurrency": "USD",
            "grossProfit": "12394000000",
            "totalRevenue": "20745000000",
            "costOfRevenue": "8351000000",
            "costofGoodsAndServicesSold": "4149000000",
            "operatingIncome": "9338000000",
            "sellingGeneralAndAdministrative": "5017000000",
            "researchAndDevelopment": "None",
            "operatingExpenses": "1147000000",
            "investmentIncomeNet": "5000000",
            "netInterestIncome": "-1157000000",
            "interestIncome": "1157000000",
            "interestExpense": "1157000000",
            "nonInterestIncome": "21902000000",
            "otherNonOperatingIncome": "297000000",
            "depreciation": "2208000000",
            "depreciationAndAmortization": "69000000",
            "incomeBeforeTax": "8478000000",
            "incomeTaxExpense": "1955000000",
            "interestAndDebtExpense": "1157000000",
            "netIncomeFromContinuingOperations": "6523000000",
            "comprehensiveIncomeNetOfTax": "7202000000",
            "ebit": "9635000000",
            "ebitda": "9704000000",
            "netIncome": "6523000000"
        },
        {
            "fiscalDateEnding": "2020-12-31",
            "reportedCurrency": "USD",
            "grossProfit": "11926000000",
            "totalRevenue": "19533000000",
            "costOfRevenue": "7607000000",
            "costofGoodsAndServicesSold": "3314000000",
            "operatingIncome": "7834000000",
            "sellingGeneralAndAdministrative": "5338000000",
            "researchAndDevelopment": "None",
            "operatingExpenses": "11699000000",
            "investmentIncomeNet": "12000000",
            "netInterestIncome": "-1141000000",
            "interestIncome": "1141000000",
            "interestExpense": "1141000000",
            "nonInterestIncome": "69000000",
            "otherNonOperatingIncome": "287000000",
            "depreciation": "2210000000",
            "depreciationAndAmortization": "66000000",
            "incomeBeforeTax": "6980000000",
            "incomeTaxExpense": "1631000000",
            "interestAndDebtExpense": "1141000000",
            "netIncomeFromContinuingOperations": "5349000000",
            "comprehensiveIncomeNetOfTax": "5112000000",
            "ebit": "8121000000",
            "ebitda": "8187000000",
            "netIncome": "5349000000"
        },
        {
            "fiscalDateEnding": "2019-12-31",
            "reportedCurrency": "USD",
            "grossProfit": "12709000000",
            "totalRevenue": "21708000000",
            "costOfRevenue": "8999000000",
            "costofGoodsAndServicesSold": "4407000000",
            "operatingIncome": "8554000000",
            "sellingGeneralAndAdministrative": "5593000000",
            "researchAndDevelopment": "None",
            "operatingExpenses": "13154000000",
            "investmentIncomeNet": "32000000",
            "netInterestIncome": "-1050000000",
            "interestIncome": "63000000",
            "interestExpense": "1050000000",
            "nonInterestIncome": "-2000000",
            "otherNonOperatingIncome": "243000000",
            "depreciation": "2216000000",
            "depreciationAndAmortization": "72000000",
            "incomeBeforeTax": "7747000000",
            "incomeTaxExpense": "1828000000",
            "interestAndDebtExpense": "1052000000",
            "netIncomeFromContinuingOperations": "5919000000",
            "comprehensiveIncomeNetOfTax": "5978000000",
            "ebit": "8797000000",
            "ebitda": "8869000000",
            "netIncome": "5919000000"
        },
        {
            "fiscalDateEnding": "2018-12-31",
            "reportedCurrency": "USD",
            "grossProfit": "12733000000",
            "totalRevenue": "22832000000",
            "costOfRevenue": "10099000000",
            "costofGoodsAndServicesSold": "5031000000",
            "operatingIncome": "8517000000",
            "sellingGeneralAndAdministrative": "6078000000",
            "researchAndDevelopment": "None",
            "operatingExpenses": "14315000000",
            "investmentIncomeNet": "30000000",
            "netInterestIncome": "-870000000",
            "interestIncome": "30000000",
            "interestExpense": "870000000",
            "nonInterestIncome": "-85000000",
            "otherNonOperatingIncome": "94000000",
            "depreciation": "2191000000",
            "depreciationAndAmortization": "2285000000",
            "incomeBeforeTax": "7741000000",
            "incomeTaxExpense": "1775000000",
            "interestAndDebtExpense": "955000000",
            "netIncomeFromContinuingOperations": "5966000000",
            "comprehensiveIncomeNetOfTax": "5992000000",
            "ebit": "8611000000",
            "ebitda": "10802000000",
            "netIncome": "5966000000"
        }
    ],
    "quarterlyReports": [
        {
            "fiscalDateEnding": "2023-06-30",
            "reportedCurrency": "USD",
            "grossProfit": "3774000000",
            "totalRevenue": "5693000000",
            "costOfRevenue": "1919000000",
            "costofGoodsAndServicesSold": "664000000",
            "operatingIncome": "2204000000",
            "sellingGeneralAndAdministrative": "1620000000",
            "researchAndDevelopment": "None",
            "operatingExpenses": "351000000",
            "investmentIncomeNet": "None",
            "netInterestIncome": "-339000000",
            "interestIncome": "339000000",
            "interestExpense": "339000000",
            "nonInterestIncome": "6032000000",
            "otherNonOperatingIncome": "93000000",
            "depreciation": "577000000",
            "depreciationAndAmortization": "577000000",
            "incomeBeforeTax": "1958000000",
            "incomeTaxExpense": "389000000",
            "interestAndDebtExpense": "339000000",
            "netIncomeFromContinuingOperations": "1569000000",
            "comprehensiveIncomeNetOfTax": "1612000000",
            "ebit": "2297000000",
            "ebitda": "2781000000",
            "netIncome": "1569000000"
        },
        {
            "fiscalDateEnding": "2023-03-31",
            "reportedCurrency": "USD",
            "grossProfit": "3965000000",
            "totalRevenue": "5896000000",
            "costOfRevenue": "1931000000",
            "costofGoodsAndServicesSold": "766000000",
            "operatingIncome": "2294000000",
            "sellingGeneralAndAdministrative": "1536000000",
            "researchAndDevelopment": "None",
            "operatingExpenses": "357000000",
            "investmentIncomeNet": "None",
            "netInterestIncome": "-336000000",
            "interestIncome": "336000000",
            "interestExpense": "336000000",
            "nonInterestIncome": "6232000000",
            "otherNonOperatingIncome": "184000000",
            "depreciation": "572000000",
            "depreciationAndAmortization": "756000000",
            "incomeBeforeTax": "2142000000",
            "incomeTaxExpense": "512000000",
            "interestAndDebtExpense": "336000000",
            "netIncomeFromContinuingOperations": "1630000000",
            "comprehensiveIncomeNetOfTax": "1652000000",
            "ebit": "2478000000",
            "ebitda": "3050000000",
            "netIncome": "1630000000"
        },
        {
            "fiscalDateEnding": "2022-12-31",
            "reportedCurrency": "USD",
            "grossProfit": "1637000000",
            "totalRevenue": "6095000000",
            "costOfRevenue": "4458000000",
            "costofGoodsAndServicesSold": "3253000000",
            "operatingIncome": "2412000000",
            "sellingGeneralAndAdministrative": "1412000000",
            "researchAndDevelopment": "None",
            "operatingExpenses": "177000000",
            "investmentIncomeNet": "None",
            "netInterestIncome": "-333000000",
            "interestIncome": "333000000",
            "interestExpense": "333000000",
            "nonInterestIncome": "6428000000",
            "otherNonOperatingIncome": "92000000",
            "depreciation": "569000000",
            "depreciationAndAmortization": "92000000",
            "incomeBeforeTax": "2171000000",
            "incomeTaxExpense": "533000000",
            "interestAndDebtExpense": "333000000",
            "netIncomeFromContinuingOperations": "1638000000",
            "comprehensiveIncomeNetOfTax": "1888000000",
            "ebit": "2504000000",
            "ebitda": "2504000000",
            "netIncome": "1638000000"
        },
        {
            "fiscalDateEnding": "2022-09-30",
            "reportedCurrency": "USD",
            "grossProfit": "4166000000",
            "totalRevenue": "6354000000",
            "costOfRevenue": "2188000000",
            "costofGoodsAndServicesSold": "932000000",
            "operatingIncome": "2633000000",
            "sellingGeneralAndAdministrative": "1597000000",
            "researchAndDevelopment": "None",
            "operatingExpenses": "319000000",
            "investmentIncomeNet": "None",
            "netInterestIncome": "-315000000",
            "interestIncome": "315000000",
            "interestExpense": "315000000",
            "nonInterestIncome": "6669000000",
            "otherNonOperatingIncome": "124000000",
            "depreciation": "563000000",
            "depreciationAndAmortization": "584000000",
            "incomeBeforeTax": "2442000000",
            "incomeTaxExpense": "547000000",
            "interestAndDebtExpense": "315000000",
            "netIncomeFromContinuingOperations": "1895000000",
            "comprehensiveIncomeNetOfTax": "1904000000",
            "ebit": "2757000000",
            "ebitda": "3217000000",
            "netIncome": "1895000000"
        },
        {
            "fiscalDateEnding": "2022-06-30",
            "reportedCurrency": "USD",
            "grossProfit": "3942000000",
            "totalRevenue": "5953000000",
            "costOfRevenue": "2011000000",
            "costofGoodsAndServicesSold": "940000000",
            "operatingIncome": "2495000000",
            "sellingGeneralAndAdministrative": "1423000000",
            "researchAndDevelopment": "None",
            "operatingExpenses": "233000000",
            "investmentIncomeNet": "None",
            "netInterestIncome": "-316000000",
            "interestIncome": "316000000",
            "interestExpense": "316000000",
            "nonInterestIncome": "6269000000",
            "otherNonOperatingIncome": "163000000",
            "depreciation": "559000000",
            "depreciationAndAmortization": "163000000",
            "incomeBeforeTax": "2342000000",
            "incomeTaxExpense": "507000000",
            "interestAndDebtExpense": "316000000",
            "netIncomeFromContinuingOperations": "1835000000",
            "comprehensiveIncomeNetOfTax": "1872000000",
            "ebit": "2658000000",
            "ebitda": "2658000000",
            "netIncome": "1835000000"
        },
        {
            "fiscalDateEnding": "2022-03-31",
            "reportedCurrency": "USD",
            "grossProfit": "3758000000",
            "totalRevenue": "5553000000",
            "costOfRevenue": "1795000000",
            "costofGoodsAndServicesSold": "714000000",
            "operatingIncome": "2377000000",
            "sellingGeneralAndAdministrative": "1438000000",
            "researchAndDevelopment": "None",
            "operatingExpenses": "337000000",
            "investmentIncomeNet": "None",
            "netInterestIncome": "-307000000",
            "interestIncome": "307000000",
            "interestExpense": "307000000",
            "nonInterestIncome": "5860000000",
            "otherNonOperatingIncome": "47000000",
            "depreciation": "555000000",
            "depreciationAndAmortization": "602000000",
            "incomeBeforeTax": "2117000000",
            "incomeTaxExpense": "487000000",
            "interestAndDebtExpense": "307000000",
            "netIncomeFromContinuingOperations": "1630000000",
            "comprehensiveIncomeNetOfTax": "1666000000",
            "ebit": "2424000000",
            "ebitda": "2979000000",
            "netIncome": "1630000000"
        },
        {
            "fiscalDateEnding": "2021-12-31",
            "reportedCurrency": "USD",
            "grossProfit": "842000000",
            "totalRevenue": "4674000000",
            "costOfRevenue": "3832000000",
            "costofGoodsAndServicesSold": "2697000000",
            "operatingIncome": "2440000000",
            "sellingGeneralAndAdministrative": "1300000000",
            "researchAndDevelopment": "None",
            "operatingExpenses": "-8026000000",
            "investmentIncomeNet": "None",
            "netInterestIncome": "-295000000",
            "interestIncome": "295000000",
            "interestExpense": "295000000",
            "nonInterestIncome": "6905000000",
            "otherNonOperatingIncome": "83000000",
            "depreciation": "556000000",
            "depreciationAndAmortization": "83000000",
            "incomeBeforeTax": "2228000000",
            "incomeTaxExpense": "517000000",
            "interestAndDebtExpense": "295000000",
            "netIncomeFromContinuingOperations": "1711000000",
            "comprehensiveIncomeNetOfTax": "2330000000",
            "ebit": "2523000000",
            "ebitda": "2523000000",
            "netIncome": "1711000000"
        },
        {
            "fiscalDateEnding": "2021-09-30",
            "reportedCurrency": "USD",
            "grossProfit": "3990000000",
            "totalRevenue": "5566000000",
            "costOfRevenue": "1576000000",
            "costofGoodsAndServicesSold": "544000000",
            "operatingIncome": "2432000000",
            "sellingGeneralAndAdministrative": "1257000000",
            "researchAndDevelopment": "None",
            "operatingExpenses": "3134000000",
            "investmentIncomeNet": "None",
            "netInterestIncome": "-290000000",
            "interestIncome": "2000000",
            "interestExpense": "290000000",
            "nonInterestIncome": "5166000000",
            "otherNonOperatingIncome": "38000000",
            "depreciation": "553000000",
            "depreciationAndAmortization": "591000000",
            "incomeBeforeTax": "2180000000",
            "incomeTaxExpense": "507000000",
            "interestAndDebtExpense": "290000000",
            "netIncomeFromContinuingOperations": "1673000000",
            "comprehensiveIncomeNetOfTax": "1691000000",
            "ebit": "2470000000",
            "ebitda": "3023000000",
            "netIncome": "1673000000"
        },
        {
            "fiscalDateEnding": "2021-06-30",
            "reportedCurrency": "USD",
            "grossProfit": "3992000000",
            "totalRevenue": "5504000000",
            "costOfRevenue": "1512000000",
            "costofGoodsAndServicesSold": "497000000",
            "operatingIncome": "2473000000",
            "sellingGeneralAndAdministrative": "1222000000",
            "researchAndDevelopment": "None",
            "operatingExpenses": "3031000000",
            "investmentIncomeNet": "None",
            "netInterestIncome": "-282000000",
            "interestIncome": "1000000",
            "interestExpense": "282000000",
            "nonInterestIncome": "5182000000",
            "otherNonOperatingIncome": "125000000",
            "depreciation": "550000000",
            "depreciationAndAmortization": "675000000",
            "incomeBeforeTax": "2316000000",
            "incomeTaxExpense": "518000000",
            "interestAndDebtExpense": "282000000",
            "netIncomeFromContinuingOperations": "1798000000",
            "comprehensiveIncomeNetOfTax": "1841000000",
            "ebit": "2598000000",
            "ebitda": "3148000000",
            "netIncome": "1798000000"
        },
        {
            "fiscalDateEnding": "2021-03-31",
            "reportedCurrency": "USD",
            "grossProfit": "3570000000",
            "totalRevenue": "5001000000",
            "costOfRevenue": "1431000000",
            "costofGoodsAndServicesSold": "411000000",
            "operatingIncome": "1993000000",
            "sellingGeneralAndAdministrative": "1346000000",
            "researchAndDevelopment": "None",
            "operatingExpenses": "3008000000",
            "investmentIncomeNet": "None",
            "netInterestIncome": "-290000000",
            "interestIncome": "1000000",
            "interestExpense": "290000000",
            "nonInterestIncome": "4649000000",
            "otherNonOperatingIncome": "51000000",
            "depreciation": "549000000",
            "depreciationAndAmortization": "600000000",
            "incomeBeforeTax": "1754000000",
            "incomeTaxExpense": "413000000",
            "interestAndDebtExpense": "290000000",
            "netIncomeFromContinuingOperations": "1341000000",
            "comprehensiveIncomeNetOfTax": "1340000000",
            "ebit": "2044000000",
            "ebitda": "2593000000",
            "netIncome": "1341000000"
        },
        {
            "fiscalDateEnding": "2020-12-31",
            "reportedCurrency": "USD",
            "grossProfit": "5141000000",
            "totalRevenue": "5141000000",
            "costOfRevenue": "3634000000",
            "costofGoodsAndServicesSold": "2332000000",
            "operatingIncome": "2006000000",
            "sellingGeneralAndAdministrative": "9142000000",
            "researchAndDevelopment": "None",
            "operatingExpenses": "3135000000",
            "investmentIncomeNet": "None",
            "netInterestIncome": "-279000000",
            "interestIncome": "279000000",
            "interestExpense": "279000000",
            "nonInterestIncome": "-13448000000",
            "otherNonOperatingIncome": "66000000",
            "depreciation": "557000000",
            "depreciationAndAmortization": "16000000",
            "incomeBeforeTax": "1793000000",
            "incomeTaxExpense": "413000000",
            "interestAndDebtExpense": "279000000",
            "netIncomeFromContinuingOperations": "2006000000",
            "comprehensiveIncomeNetOfTax": "1138000000",
            "ebit": "2072000000",
            "ebitda": "2088000000",
            "netIncome": "1380000000"
        },
        {
            "fiscalDateEnding": "2020-09-30",
            "reportedCurrency": "USD",
            "grossProfit": "3606000000",
            "totalRevenue": "4919000000",
            "costOfRevenue": "1313000000",
            "costofGoodsAndServicesSold": "301000000",
            "operatingIncome": "2031000000",
            "sellingGeneralAndAdministrative": "1307000000",
            "researchAndDevelopment": "None",
            "operatingExpenses": "2888000000",
            "investmentIncomeNet": "None",
            "netInterestIncome": "-295000000",
            "interestIncome": "293000000",
            "interestExpense": "295000000",
            "nonInterestIncome": "4596000000",
            "otherNonOperatingIncome": "37000000",
            "depreciation": "555000000",
            "depreciationAndAmortization": "16000000",
            "incomeBeforeTax": "1773000000",
            "incomeTaxExpense": "410000000",
            "interestAndDebtExpense": "295000000",
            "netIncomeFromContinuingOperations": "1363000000",
            "comprehensiveIncomeNetOfTax": "1384000000",
            "ebit": "2068000000",
            "ebitda": "2084000000",
            "netIncome": "1363000000"
        },
        {
            "fiscalDateEnding": "2020-06-30",
            "reportedCurrency": "USD",
            "grossProfit": "3086000000",
            "totalRevenue": "4244000000",
            "costOfRevenue": "1158000000",
            "costofGoodsAndServicesSold": "247000000",
            "operatingIncome": "1654000000",
            "sellingGeneralAndAdministrative": "1140000000",
            "researchAndDevelopment": "None",
            "operatingExpenses": "2590000000",
            "investmentIncomeNet": "None",
            "netInterestIncome": "-289000000",
            "interestIncome": "3000000",
            "interestExpense": "289000000",
            "nonInterestIncome": "4041000000",
            "otherNonOperatingIncome": "131000000",
            "depreciation": "551000000",
            "depreciationAndAmortization": "17000000",
            "incomeBeforeTax": "1496000000",
            "incomeTaxExpense": "364000000",
            "interestAndDebtExpense": "289000000",
            "netIncomeFromContinuingOperations": "1132000000",
            "comprehensiveIncomeNetOfTax": "1089000000",
            "ebit": "1785000000",
            "ebitda": "1802000000",
            "netIncome": "1132000000"
        },
        {
            "fiscalDateEnding": "2020-03-31",
            "reportedCurrency": "USD",
            "grossProfit": "3727000000",
            "totalRevenue": "5229000000",
            "costOfRevenue": "1502000000",
            "costofGoodsAndServicesSold": "434000000",
            "operatingIncome": "2143000000",
            "sellingGeneralAndAdministrative": "1357000000",
            "researchAndDevelopment": "None",
            "operatingExpenses": "3086000000",
            "investmentIncomeNet": "None",
            "netInterestIncome": "-278000000",
            "interestIncome": "6000000",
            "interestExpense": "278000000",
            "nonInterestIncome": "4880000000",
            "otherNonOperatingIncome": "53000000",
            "depreciation": "547000000",
            "depreciationAndAmortization": "17000000",
            "incomeBeforeTax": "1918000000",
            "incomeTaxExpense": "444000000",
            "interestAndDebtExpense": "278000000",
            "netIncomeFromContinuingOperations": "1474000000",
            "comprehensiveIncomeNetOfTax": "1501000000",
            "ebit": "2196000000",
            "ebitda": "2213000000",
            "netIncome": "1474000000"
        },
        {
            "fiscalDateEnding": "2019-12-31",
            "reportedCurrency": "USD",
            "grossProfit": "5212000000",
            "totalRevenue": "5212000000",
            "costOfRevenue": "3894000000",
            "costofGoodsAndServicesSold": "2812000000",
            "operatingIncome": "2100000000",
            "sellingGeneralAndAdministrative": "9906000000",
            "researchAndDevelopment": "None",
            "operatingExpenses": "3112000000",
            "investmentIncomeNet": "None",
            "netInterestIncome": "-278000000",
            "interestIncome": "38000000",
            "interestExpense": "278000000",
            "nonInterestIncome": "-2000000",
            "otherNonOperatingIncome": "56000000",
            "depreciation": "559000000",
            "depreciationAndAmortization": "18000000",
            "incomeBeforeTax": "1878000000",
            "incomeTaxExpense": "475000000",
            "interestAndDebtExpense": "2000000",
            "netIncomeFromContinuingOperations": "2100000000",
            "comprehensiveIncomeNetOfTax": "1352000000",
            "ebit": "2156000000",
            "ebitda": "2174000000",
            "netIncome": "1403000000"
        },
        {
            "fiscalDateEnding": "2019-09-30",
            "reportedCurrency": "USD",
            "grossProfit": "3872000000",
            "totalRevenue": "5516000000",
            "costOfRevenue": "1644000000",
            "costofGoodsAndServicesSold": "504000000",
            "operatingIncome": "2234000000",
            "sellingGeneralAndAdministrative": "1411000000",
            "researchAndDevelopment": "None",
            "operatingExpenses": "3282000000",
            "investmentIncomeNet": "None",
            "netInterestIncome": "-266000000",
            "interestIncome": "10000000",
            "interestExpense": "266000000",
            "nonInterestIncome": "5146000000",
            "otherNonOperatingIncome": "53000000",
            "depreciation": "557000000",
            "depreciationAndAmortization": "18000000",
            "incomeBeforeTax": "2021000000",
            "incomeTaxExpense": "466000000",
            "interestAndDebtExpense": "266000000",
            "netIncomeFromContinuingOperations": "1555000000",
            "comprehensiveIncomeNetOfTax": "1548000000",
            "ebit": "2287000000",
            "ebitda": "2305000000",
            "netIncome": "1555000000"
        },
        {
            "fiscalDateEnding": "2019-06-30",
            "reportedCurrency": "USD",
            "grossProfit": "3881000000",
            "totalRevenue": "5596000000",
            "costOfRevenue": "1715000000",
            "costofGoodsAndServicesSold": "560000000",
            "operatingIncome": "2260000000",
            "sellingGeneralAndAdministrative": "1392000000",
            "researchAndDevelopment": "None",
            "operatingExpenses": "3336000000",
            "investmentIncomeNet": "None",
            "netInterestIncome": "-259000000",
            "interestIncome": "6000000",
            "interestExpense": "259000000",
            "nonInterestIncome": "5236000000",
            "otherNonOperatingIncome": "57000000",
            "depreciation": "551000000",
            "depreciationAndAmortization": "18000000",
            "incomeBeforeTax": "2058000000",
            "incomeTaxExpense": "488000000",
            "interestAndDebtExpense": "259000000",
            "netIncomeFromContinuingOperations": "1570000000",
            "comprehensiveIncomeNetOfTax": "1650000000",
            "ebit": "2317000000",
            "ebitda": "2335000000",
            "netIncome": "1570000000"
        },
        {
            "fiscalDateEnding": "2019-03-31",
            "reportedCurrency": "USD",
            "grossProfit": "3656000000",
            "totalRevenue": "5384000000",
            "costOfRevenue": "1728000000",
            "costofGoodsAndServicesSold": "531000000",
            "operatingIncome": "1960000000",
            "sellingGeneralAndAdministrative": "1510000000",
            "researchAndDevelopment": "None",
            "operatingExpenses": "3424000000",
            "investmentIncomeNet": "None",
            "netInterestIncome": "-247000000",
            "interestIncome": "9000000",
            "interestExpense": "247000000",
            "nonInterestIncome": "5010000000",
            "otherNonOperatingIncome": "77000000",
            "depreciation": "549000000",
            "depreciationAndAmortization": "18000000",
            "incomeBeforeTax": "1790000000",
            "incomeTaxExpense": "399000000",
            "interestAndDebtExpense": "247000000",
            "netIncomeFromContinuingOperations": "1391000000",
            "comprehensiveIncomeNetOfTax": "1428000000",
            "ebit": "2037000000",
            "ebitda": "2055000000",
            "netIncome": "1391000000"
        },
        {
            "fiscalDateEnding": "2018-12-31",
            "reportedCurrency": "USD",
            "grossProfit": "5757000000",
            "totalRevenue": "5757000000",
            "costOfRevenue": "4443000000",
            "costofGoodsAndServicesSold": "3140000000",
            "operatingIncome": "2210000000",
            "sellingGeneralAndAdministrative": "10655000000",
            "researchAndDevelopment": "None",
            "operatingExpenses": "3547000000",
            "investmentIncomeNet": "None",
            "netInterestIncome": "-240000000",
            "interestIncome": "None",
            "interestExpense": "240000000",
            "nonInterestIncome": "0",
            "otherNonOperatingIncome": "46000000",
            "depreciation": "555000000",
            "depreciationAndAmortization": "601000000",
            "incomeBeforeTax": "2016000000",
            "incomeTaxExpense": "462000000",
            "interestAndDebtExpense": "240000000",
            "netIncomeFromContinuingOperations": "2210000000",
            "comprehensiveIncomeNetOfTax": "2210000000",
            "ebit": "2256000000",
            "ebitda": "2811000000",
            "netIncome": "1554000000"
        },
        {
            "fiscalDateEnding": "2018-09-30",
            "reportedCurrency": "USD",
            "grossProfit": "4010000000",
            "totalRevenue": "5928000000",
            "costOfRevenue": "1918000000",
            "costofGoodsAndServicesSold": "659000000",
            "operatingIncome": "2269000000",
            "sellingGeneralAndAdministrative": "1549000000",
            "researchAndDevelopment": "None",
            "operatingExpenses": "3659000000",
            "investmentIncomeNet": "None",
            "netInterestIncome": "-241000000",
            "interestIncome": "None",
            "interestExpense": "241000000",
            "nonInterestIncome": "5558000000",
            "otherNonOperatingIncome": "48000000",
            "depreciation": "547000000",
            "depreciationAndAmortization": "595000000",
            "incomeBeforeTax": "2076000000",
            "incomeTaxExpense": "483000000",
            "interestAndDebtExpense": "241000000",
            "netIncomeFromContinuingOperations": "1593000000",
            "comprehensiveIncomeNetOfTax": "1629000000",
            "ebit": "2317000000",
            "ebitda": "2864000000",
            "netIncome": "1593000000"
        }
    ]
}