{
    "symbol": "CHD",
    "annualReports": [
        {
            "fiscalDateEnding": "2023-12-31",
            "reportedCurrency": "USD",
            "grossProfit": "2588500000",
            "totalRevenue": "5867900000",
            "costOfRevenue": "3279400000",
            "costofGoodsAndServicesSold": "3279400000",
            "operatingIncome": "1057400000",
            "sellingGeneralAndAdministrative": "889800000",
            "researchAndDevelopment": "122400000",
            "operatingExpenses": "1021100124",
            "investmentIncomeNet": "None",
            "netInterestIncome": "-110900000",
            "interestIncome": "None",
            "interestExpense": "110900000",
            "nonInterestIncome": "5867900000",
            "otherNonOperatingIncome": "12200000",
            "depreciation": "72800000",
            "depreciationAndAmortization": "124",
            "incomeBeforeTax": "967400000",
            "incomeTaxExpense": "211800000",
            "interestAndDebtExpense": "110900000",
            "netIncomeFromContinuingOperations": "755600000",
            "comprehensiveIncomeNetOfTax": "757700000",
            "ebit": "1078300000",
            "ebitda": "1078300124",
            "netIncome": "755600000"
        },
        {
            "fiscalDateEnding": "2022-12-31",
            "reportedCurrency": "USD",
            "grossProfit": "2250000000",
            "totalRevenue": "5375600000",
            "costOfRevenue": "3125600000",
            "costofGoodsAndServicesSold": "3125600000",
            "operatingIncome": "597800000",
            "sellingGeneralAndAdministrative": "1117000000",
            "researchAndDevelopment": "110000000",
            "operatingExpenses": "1351800000",
            "investmentIncomeNet": "None",
            "netInterestIncome": "-89600000",
            "interestIncome": "12300000",
            "interestExpense": "89600000",
            "nonInterestIncome": "5375600000",
            "otherNonOperatingIncome": "2800000",
            "depreciation": "67000000",
            "depreciationAndAmortization": "122400000",
            "incomeBeforeTax": "523300000",
            "incomeTaxExpense": "109400000",
            "interestAndDebtExpense": "89600000",
            "netIncomeFromContinuingOperations": "413900000",
            "comprehensiveIncomeNetOfTax": "452800000",
            "ebit": "612900000",
            "ebitda": "735300000",
            "netIncome": "413900000"
        },
        {
            "fiscalDateEnding": "2021-12-31",
            "reportedCurrency": "USD",
            "grossProfit": "2263500000",
            "totalRevenue": "5190100000",
            "costOfRevenue": "2926600000",
            "costofGoodsAndServicesSold": "2926600000",
            "operatingIncome": "1079100000",
            "sellingGeneralAndAdministrative": "606700000",
            "researchAndDevelopment": "105200000",
            "operatingExpenses": "847100000",
            "investmentIncomeNet": "None",
            "netInterestIncome": "-54500000",
            "interestIncome": "9400000",
            "interestExpense": "54500000",
            "nonInterestIncome": "5190100000",
            "otherNonOperatingIncome": "-2300000",
            "depreciation": "68400000",
            "depreciationAndAmortization": "120300000",
            "incomeBeforeTax": "1031700000",
            "incomeTaxExpense": "204200000",
            "interestAndDebtExpense": "54500000",
            "netIncomeFromContinuingOperations": "827500000",
            "comprehensiveIncomeNetOfTax": "836900000",
            "ebit": "1086200000",
            "ebitda": "1206500000",
            "netIncome": "827500000"
        },
        {
            "fiscalDateEnding": "2020-12-31",
            "reportedCurrency": "USD",
            "grossProfit": "2214200000",
            "totalRevenue": "4895800000",
            "costOfRevenue": "2681600000",
            "costofGoodsAndServicesSold": "2681600000",
            "operatingIncome": "1029700000",
            "sellingGeneralAndAdministrative": "593300000",
            "researchAndDevelopment": "102600000",
            "operatingExpenses": "794700000",
            "investmentIncomeNet": "None",
            "netInterestIncome": "-61000000",
            "interestIncome": "6700000",
            "interestExpense": "61000000",
            "nonInterestIncome": "4895800000",
            "otherNonOperatingIncome": "-2100000",
            "depreciation": "66200000",
            "depreciationAndAmortization": "99900000",
            "incomeBeforeTax": "973800000",
            "incomeTaxExpense": "187900000",
            "interestAndDebtExpense": "61000000",
            "netIncomeFromContinuingOperations": "785900000",
            "comprehensiveIncomeNetOfTax": "775000000",
            "ebit": "1034800000",
            "ebitda": "1134700000",
            "netIncome": "785900000"
        },
        {
            "fiscalDateEnding": "2019-12-31",
            "reportedCurrency": "USD",
            "grossProfit": "1984000000",
            "totalRevenue": "4357700000",
            "costOfRevenue": "2373700000",
            "costofGoodsAndServicesSold": "2373700000",
            "operatingIncome": "840200000",
            "sellingGeneralAndAdministrative": "628800000",
            "researchAndDevelopment": "93600000",
            "operatingExpenses": "826600000",
            "investmentIncomeNet": "None",
            "netInterestIncome": "-73600000",
            "interestIncome": "65400000",
            "interestExpense": "73600000",
            "nonInterestIncome": "4357700000",
            "otherNonOperatingIncome": "-1100000",
            "depreciation": "63800000",
            "depreciationAndAmortization": "90400000",
            "incomeBeforeTax": "773700000",
            "incomeTaxExpense": "157800000",
            "interestAndDebtExpense": "73600000",
            "netIncomeFromContinuingOperations": "615900000",
            "comprehensiveIncomeNetOfTax": "602800000",
            "ebit": "847300000",
            "ebitda": "937700000",
            "netIncome": "615900000"
        },
        {
            "fiscalDateEnding": "2018-12-31",
            "reportedCurrency": "USD",
            "grossProfit": "1840800000",
            "totalRevenue": "4145900000",
            "costOfRevenue": "2305100000",
            "costofGoodsAndServicesSold": "2305100000",
            "operatingIncome": "791700000",
            "sellingGeneralAndAdministrative": "565900000",
            "researchAndDevelopment": "89700000",
            "operatingExpenses": "730400000",
            "investmentIncomeNet": "None",
            "netInterestIncome": "-79400000",
            "interestIncome": "68300000",
            "interestExpense": "79400000",
            "nonInterestIncome": "4145900000",
            "otherNonOperatingIncome": "-3900000",
            "depreciation": "64400000",
            "depreciationAndAmortization": "71200000",
            "incomeBeforeTax": "719500000",
            "incomeTaxExpense": "150900000",
            "interestAndDebtExpense": "79400000",
            "netIncomeFromContinuingOperations": "568600000",
            "comprehensiveIncomeNetOfTax": "552000000",
            "ebit": "798900000",
            "ebitda": "870100000",
            "netIncome": "568600000"
        },
        {
            "fiscalDateEnding": "2017-12-31",
            "reportedCurrency": "USD",
            "grossProfit": "1729600000",
            "totalRevenue": "3776200000",
            "costOfRevenue": "2046600000",
            "costofGoodsAndServicesSold": "2046600000",
            "operatingIncome": "732700000",
            "sellingGeneralAndAdministrative": "542700000",
            "researchAndDevelopment": "70800000",
            "operatingExpenses": "676600000",
            "investmentIncomeNet": "None",
            "netInterestIncome": "-52600000",
            "interestIncome": "39700000",
            "interestExpense": "52600000",
            "nonInterestIncome": "3776200000",
            "otherNonOperatingIncome": "-300000",
            "depreciation": "60900000",
            "depreciationAndAmortization": "61000000",
            "incomeBeforeTax": "692700000",
            "incomeTaxExpense": "-50700000",
            "interestAndDebtExpense": "52600000",
            "netIncomeFromContinuingOperations": "743400000",
            "comprehensiveIncomeNetOfTax": "770800000",
            "ebit": "745300000",
            "ebitda": "806300000",
            "netIncome": "743400000"
        },
        {
            "fiscalDateEnding": "2016-12-31",
            "reportedCurrency": "USD",
            "grossProfit": "1590600000",
            "totalRevenue": "3493100000",
            "costOfRevenue": "1902500000",
            "costofGoodsAndServicesSold": "1902500000",
            "operatingIncome": "724200000",
            "sellingGeneralAndAdministrative": "439200000",
            "researchAndDevelopment": "63200000",
            "operatingExpenses": "554000000",
            "investmentIncomeNet": "None",
            "netInterestIncome": "-27700000",
            "interestIncome": "16800000",
            "interestExpense": "27700000",
            "nonInterestIncome": "3493100000",
            "otherNonOperatingIncome": "-1500000",
            "depreciation": "59700000",
            "depreciationAndAmortization": "46000000",
            "incomeBeforeTax": "705900000",
            "incomeTaxExpense": "246900000",
            "interestAndDebtExpense": "27700000",
            "netIncomeFromContinuingOperations": "459000000",
            "comprehensiveIncomeNetOfTax": "441100000",
            "ebit": "733600000",
            "ebitda": "779600000",
            "netIncome": "459000000"
        },
        {
            "fiscalDateEnding": "2015-12-31",
            "reportedCurrency": "USD",
            "grossProfit": "1511800000",
            "totalRevenue": "3399200000",
            "costOfRevenue": "2362200000",
            "costofGoodsAndServicesSold": "1883000000",
            "operatingIncome": "674200000",
            "sellingGeneralAndAdministrative": "420100000",
            "researchAndDevelopment": "64700000",
            "operatingExpenses": "543900000",
            "investmentIncomeNet": "None",
            "netInterestIncome": "0",
            "interestIncome": "30500000",
            "interestExpense": "30500000",
            "nonInterestIncome": "2100000",
            "otherNonOperatingIncome": "-4000000",
            "depreciation": "58300000",
            "depreciationAndAmortization": "39900000",
            "incomeBeforeTax": "635400000",
            "incomeTaxExpense": "225000000",
            "interestAndDebtExpense": "0",
            "netIncomeFromContinuingOperations": "632700000",
            "comprehensiveIncomeNetOfTax": "399200000",
            "ebit": "665900000",
            "ebitda": "705800000",
            "netIncome": "410400000"
        },
        {
            "fiscalDateEnding": "2014-12-31",
            "reportedCurrency": "USD",
            "grossProfit": "1452900000",
            "totalRevenue": "1471000000",
            "costOfRevenue": "2183400000",
            "costofGoodsAndServicesSold": "1844700000",
            "operatingIncome": "641200000",
            "sellingGeneralAndAdministrative": "394800000",
            "researchAndDevelopment": "59800000",
            "operatingExpenses": "395800000",
            "investmentIncomeNet": "None",
            "netInterestIncome": "-2000000",
            "interestIncome": "25400000",
            "interestExpense": "27400000",
            "nonInterestIncome": "4700000",
            "otherNonOperatingIncome": "-2800000",
            "depreciation": "57100000",
            "depreciationAndAmortization": "31700000",
            "incomeBeforeTax": "624900000",
            "incomeTaxExpense": "211000000",
            "interestAndDebtExpense": "2000000",
            "netIncomeFromContinuingOperations": "291800000",
            "comprehensiveIncomeNetOfTax": "792900000",
            "ebit": "652300000",
            "ebitda": "684000000",
            "netIncome": "413900000"
        },
        {
            "fiscalDateEnding": "2013-12-31",
            "reportedCurrency": "USD",
            "grossProfit": "1163000000",
            "totalRevenue": "3166600000",
            "costOfRevenue": "2209600000",
            "costofGoodsAndServicesSold": "1756300000",
            "operatingIncome": "622200000",
            "sellingGeneralAndAdministrative": "416000000",
            "researchAndDevelopment": "61800000",
            "operatingExpenses": "542800000",
            "investmentIncomeNet": "None",
            "netInterestIncome": "-27700000",
            "interestIncome": "-26400000",
            "interestExpense": "1300000",
            "nonInterestIncome": "5200000",
            "otherNonOperatingIncome": "-200000",
            "depreciation": "59700000",
            "depreciationAndAmortization": "28900000",
            "incomeBeforeTax": "597800000",
            "incomeTaxExpense": "203400000",
            "interestAndDebtExpense": "27700000",
            "netIncomeFromContinuingOperations": "394400000",
            "comprehensiveIncomeNetOfTax": "786500000",
            "ebit": "599100000",
            "ebitda": "628000000",
            "netIncome": "394400000"
        },
        {
            "fiscalDateEnding": "2012-12-31",
            "reportedCurrency": "USD",
            "grossProfit": "236900000",
            "totalRevenue": "2907900000",
            "costOfRevenue": "2052800000",
            "costofGoodsAndServicesSold": "1630500000",
            "operatingIncome": "545100000",
            "sellingGeneralAndAdministrative": "389000000",
            "researchAndDevelopment": "54800000",
            "operatingExpenses": "491100000",
            "investmentIncomeNet": "None",
            "netInterestIncome": "-14000000",
            "interestIncome": "-2800000",
            "interestExpense": "11200000",
            "nonInterestIncome": "0",
            "otherNonOperatingIncome": "600000",
            "depreciation": "56000000",
            "depreciationAndAmortization": "26800000",
            "incomeBeforeTax": "542500000",
            "incomeTaxExpense": "192700000",
            "interestAndDebtExpense": "14000000",
            "netIncomeFromContinuingOperations": "349800000",
            "comprehensiveIncomeNetOfTax": "694000000",
            "ebit": "553700000",
            "ebitda": "580500000",
            "netIncome": "349800000"
        },
        {
            "fiscalDateEnding": "2011-12-31",
            "reportedCurrency": "USD",
            "grossProfit": "1214500000",
            "totalRevenue": "2740600000",
            "costOfRevenue": "1927800000",
            "costofGoodsAndServicesSold": "1534800000",
            "operatingIncome": "492600000",
            "sellingGeneralAndAdministrative": "367800000",
            "researchAndDevelopment": "55100000",
            "operatingExpenses": "456800000",
            "investmentIncomeNet": "None",
            "netInterestIncome": "-8700000",
            "interestIncome": "None",
            "interestExpense": "8700000",
            "nonInterestIncome": "0",
            "otherNonOperatingIncome": "-1200000",
            "depreciation": "49800000",
            "depreciationAndAmortization": "25200000",
            "incomeBeforeTax": "494600000",
            "incomeTaxExpense": "185000000",
            "interestAndDebtExpense": "8700000",
            "netIncomeFromContinuingOperations": "812900000",
            "comprehensiveIncomeNetOfTax": "296200000",
            "ebit": "503300000",
            "ebitda": "528500000",
            "netIncome": "309600000"
        },
        {
            "fiscalDateEnding": "2010-12-31",
            "reportedCurrency": "USD",
            "grossProfit": "1157800000",
            "totalRevenue": "2556962000",
            "costOfRevenue": "1810194000",
            "costofGoodsAndServicesSold": "1431455000",
            "operatingIncome": "445000000",
            "sellingGeneralAndAdministrative": "374800000",
            "researchAndDevelopment": "53700000",
            "operatingExpenses": "410997000",
            "investmentIncomeNet": "None",
            "netInterestIncome": "-27777000",
            "interestIncome": "23000",
            "interestExpense": "27800000",
            "nonInterestIncome": "-4481000",
            "otherNonOperatingIncome": "-4500000",
            "depreciation": "44100000",
            "depreciationAndAmortization": "23700000",
            "incomeBeforeTax": "418300000",
            "incomeTaxExpense": "147600000",
            "interestAndDebtExpense": "32258000",
            "netIncomeFromContinuingOperations": "298471000",
            "comprehensiveIncomeNetOfTax": "276900000",
            "ebit": "446100000",
            "ebitda": "469800000",
            "netIncome": "270700000"
        }
    ],
    "quarterlyReports": [
        {
            "fiscalDateEnding": "2023-12-31",
            "reportedCurrency": "USD",
            "grossProfit": "681300000",
            "totalRevenue": "1528000000",
            "costOfRevenue": "846700000",
            "costofGoodsAndServicesSold": "877700000",
            "operatingIncome": "216100000",
            "sellingGeneralAndAdministrative": "246200000",
            "researchAndDevelopment": "35200000",
            "operatingExpenses": "197000124",
            "investmentIncomeNet": "None",
            "netInterestIncome": "-27000000",
            "interestIncome": "None",
            "interestExpense": "27000000",
            "nonInterestIncome": "1528000000",
            "otherNonOperatingIncome": "5500000",
            "depreciation": "20000000",
            "depreciationAndAmortization": "-93299875",
            "incomeBeforeTax": "195200000",
            "incomeTaxExpense": "41500000",
            "interestAndDebtExpense": "27000000",
            "netIncomeFromContinuingOperations": "153700000",
            "comprehensiveIncomeNetOfTax": "155900000",
            "ebit": "222200000",
            "ebitda": "128900124",
            "netIncome": "153700000"
        },
        {
            "fiscalDateEnding": "2023-09-30",
            "reportedCurrency": "USD",
            "grossProfit": "646300000",
            "totalRevenue": "1455900000",
            "costOfRevenue": "809600000",
            "costofGoodsAndServicesSold": "809600000",
            "operatingIncome": "255800000",
            "sellingGeneralAndAdministrative": "222700000",
            "researchAndDevelopment": "30300000",
            "operatingExpenses": "284100000",
            "investmentIncomeNet": "None",
            "netInterestIncome": "-27200000",
            "interestIncome": "1700000",
            "interestExpense": "27200000",
            "nonInterestIncome": "1455900000",
            "otherNonOperatingIncome": "3700000",
            "depreciation": "18200000",
            "depreciationAndAmortization": "31100000",
            "incomeBeforeTax": "234000000",
            "incomeTaxExpense": "56500000",
            "interestAndDebtExpense": "27200000",
            "netIncomeFromContinuingOperations": "177500000",
            "comprehensiveIncomeNetOfTax": "175900000",
            "ebit": "261200000",
            "ebitda": "292300000",
            "netIncome": "177500000"
        },
        {
            "fiscalDateEnding": "2023-06-30",
            "reportedCurrency": "USD",
            "grossProfit": "638900000",
            "totalRevenue": "1454200000",
            "costOfRevenue": "815300000",
            "costofGoodsAndServicesSold": "815300000",
            "operatingIncome": "293600000",
            "sellingGeneralAndAdministrative": "213100000",
            "researchAndDevelopment": "30200000",
            "operatingExpenses": "274400000",
            "investmentIncomeNet": "None",
            "netInterestIncome": "-27900000",
            "interestIncome": "25900000",
            "interestExpense": "27900000",
            "nonInterestIncome": "1454200000",
            "otherNonOperatingIncome": "1700000",
            "depreciation": "17700000",
            "depreciationAndAmortization": "31100000",
            "incomeBeforeTax": "269400000",
            "incomeTaxExpense": "48200000",
            "interestAndDebtExpense": "27900000",
            "netIncomeFromContinuingOperations": "221200000",
            "comprehensiveIncomeNetOfTax": "219600000",
            "ebit": "297300000",
            "ebitda": "328400000",
            "netIncome": "221200000"
        },
        {
            "fiscalDateEnding": "2023-03-31",
            "reportedCurrency": "USD",
            "grossProfit": "622000000",
            "totalRevenue": "1429800000",
            "costOfRevenue": "807800000",
            "costofGoodsAndServicesSold": "807800000",
            "operatingIncome": "291900000",
            "sellingGeneralAndAdministrative": "207800000",
            "researchAndDevelopment": "26700000",
            "operatingExpenses": "265600000",
            "investmentIncomeNet": "None",
            "netInterestIncome": "-28800000",
            "interestIncome": "4400000",
            "interestExpense": "28800000",
            "nonInterestIncome": "1429800000",
            "otherNonOperatingIncome": "1300000",
            "depreciation": "16900000",
            "depreciationAndAmortization": "31100000",
            "incomeBeforeTax": "268800000",
            "incomeTaxExpense": "65600000",
            "interestAndDebtExpense": "28800000",
            "netIncomeFromContinuingOperations": "203200000",
            "comprehensiveIncomeNetOfTax": "206300000",
            "ebit": "297600000",
            "ebitda": "328700000",
            "netIncome": "203200000"
        },
        {
            "fiscalDateEnding": "2022-12-31",
            "reportedCurrency": "USD",
            "grossProfit": "602500000",
            "totalRevenue": "1436000000",
            "costOfRevenue": "833500000",
            "costofGoodsAndServicesSold": "833500000",
            "operatingIncome": "-198400000",
            "sellingGeneralAndAdministrative": "611200000",
            "researchAndDevelopment": "29100000",
            "operatingExpenses": "677000000",
            "investmentIncomeNet": "None",
            "netInterestIncome": "-30000000",
            "interestIncome": "2300000",
            "interestExpense": "30000000",
            "nonInterestIncome": "1436000000",
            "otherNonOperatingIncome": "-1600000",
            "depreciation": "16900000",
            "depreciationAndAmortization": "34300000",
            "incomeBeforeTax": "-223900000",
            "incomeTaxExpense": "-59200000",
            "interestAndDebtExpense": "30000000",
            "netIncomeFromContinuingOperations": "-164700000",
            "comprehensiveIncomeNetOfTax": "-147900000",
            "ebit": "-193900000",
            "ebitda": "-159600000",
            "netIncome": "-164700000"
        },
        {
            "fiscalDateEnding": "2022-09-30",
            "reportedCurrency": "USD",
            "grossProfit": "549700000",
            "totalRevenue": "1317300000",
            "costOfRevenue": "767600000",
            "costofGoodsAndServicesSold": "767600000",
            "operatingIncome": "253900000",
            "sellingGeneralAndAdministrative": "155100000",
            "researchAndDevelopment": "29200000",
            "operatingExpenses": "213600000",
            "investmentIncomeNet": "None",
            "netInterestIncome": "-23700000",
            "interestIncome": "18500000",
            "interestExpense": "23700000",
            "nonInterestIncome": "1317300000",
            "otherNonOperatingIncome": "600000",
            "depreciation": "16700000",
            "depreciationAndAmortization": "29300000",
            "incomeBeforeTax": "234500000",
            "incomeTaxExpense": "47400000",
            "interestAndDebtExpense": "23700000",
            "netIncomeFromContinuingOperations": "187100000",
            "comprehensiveIncomeNetOfTax": "188100000",
            "ebit": "258200000",
            "ebitda": "287500000",
            "netIncome": "187100000"
        },
        {
            "fiscalDateEnding": "2022-06-30",
            "reportedCurrency": "USD",
            "grossProfit": "545300000",
            "totalRevenue": "1325100000",
            "costOfRevenue": "779800000",
            "costofGoodsAndServicesSold": "779800000",
            "operatingIncome": "261600000",
            "sellingGeneralAndAdministrative": "180800000",
            "researchAndDevelopment": "27200000",
            "operatingExpenses": "237300000",
            "investmentIncomeNet": "None",
            "netInterestIncome": "-19300000",
            "interestIncome": "15100000",
            "interestExpense": "19300000",
            "nonInterestIncome": "1325100000",
            "otherNonOperatingIncome": "300000",
            "depreciation": "16800000",
            "depreciationAndAmortization": "29300000",
            "incomeBeforeTax": "246500000",
            "incomeTaxExpense": "59400000",
            "interestAndDebtExpense": "19300000",
            "netIncomeFromContinuingOperations": "187100000",
            "comprehensiveIncomeNetOfTax": "193200000",
            "ebit": "265800000",
            "ebitda": "295100000",
            "netIncome": "187100000"
        },
        {
            "fiscalDateEnding": "2022-03-31",
            "reportedCurrency": "USD",
            "grossProfit": "552500000",
            "totalRevenue": "1297200000",
            "costOfRevenue": "744700000",
            "costofGoodsAndServicesSold": "744700000",
            "operatingIncome": "280700000",
            "sellingGeneralAndAdministrative": "169900000",
            "researchAndDevelopment": "24500000",
            "operatingExpenses": "223900000",
            "investmentIncomeNet": "None",
            "netInterestIncome": "-16600000",
            "interestIncome": "14200000",
            "interestExpense": "16600000",
            "nonInterestIncome": "1297200000",
            "otherNonOperatingIncome": "-300000",
            "depreciation": "16600000",
            "depreciationAndAmortization": "29500000",
            "incomeBeforeTax": "266200000",
            "incomeTaxExpense": "61800000",
            "interestAndDebtExpense": "16600000",
            "netIncomeFromContinuingOperations": "204400000",
            "comprehensiveIncomeNetOfTax": "219400000",
            "ebit": "282800000",
            "ebitda": "312300000",
            "netIncome": "204400000"
        },
        {
            "fiscalDateEnding": "2021-12-31",
            "reportedCurrency": "USD",
            "grossProfit": "581200000",
            "totalRevenue": "1368700000",
            "costOfRevenue": "787500000",
            "costofGoodsAndServicesSold": "787500000",
            "operatingIncome": "176400000",
            "sellingGeneralAndAdministrative": "203700000",
            "researchAndDevelopment": "28000000",
            "operatingExpenses": "276000000",
            "investmentIncomeNet": "None",
            "netInterestIncome": "-13000000",
            "interestIncome": "2000000",
            "interestExpense": "13000000",
            "nonInterestIncome": "1368700000",
            "otherNonOperatingIncome": "-1200000",
            "depreciation": "17100000",
            "depreciationAndAmortization": "29400000",
            "incomeBeforeTax": "164100000",
            "incomeTaxExpense": "6000000",
            "interestAndDebtExpense": "13000000",
            "netIncomeFromContinuingOperations": "158100000",
            "comprehensiveIncomeNetOfTax": "150800000",
            "ebit": "177100000",
            "ebitda": "206500000",
            "netIncome": "158100000"
        },
        {
            "fiscalDateEnding": "2021-09-30",
            "reportedCurrency": "USD",
            "grossProfit": "579200000",
            "totalRevenue": "1311400000",
            "costOfRevenue": "732200000",
            "costofGoodsAndServicesSold": "732200000",
            "operatingIncome": "301400000",
            "sellingGeneralAndAdministrative": "116900000",
            "researchAndDevelopment": "27700000",
            "operatingExpenses": "174500000",
            "investmentIncomeNet": "0",
            "netInterestIncome": "-13400000",
            "interestIncome": "11400000",
            "interestExpense": "13400000",
            "nonInterestIncome": "1311400000",
            "otherNonOperatingIncome": "-700000",
            "depreciation": "17200000",
            "depreciationAndAmortization": "29900000",
            "incomeBeforeTax": "289300000",
            "incomeTaxExpense": "58900000",
            "interestAndDebtExpense": "13400000",
            "netIncomeFromContinuingOperations": "230400000",
            "comprehensiveIncomeNetOfTax": "235300000",
            "ebit": "302700000",
            "ebitda": "332600000",
            "netIncome": "230400000"
        },
        {
            "fiscalDateEnding": "2021-06-30",
            "reportedCurrency": "USD",
            "grossProfit": "552200000",
            "totalRevenue": "1271100000",
            "costOfRevenue": "718900000",
            "costofGoodsAndServicesSold": "718900000",
            "operatingIncome": "298700000",
            "sellingGeneralAndAdministrative": "136500000",
            "researchAndDevelopment": "25400000",
            "operatingExpenses": "192400000",
            "investmentIncomeNet": "200000",
            "netInterestIncome": "-14100000",
            "interestIncome": "11100000",
            "interestExpense": "14100000",
            "nonInterestIncome": "1271100000",
            "otherNonOperatingIncome": "-300000",
            "depreciation": "17300000",
            "depreciationAndAmortization": "30500000",
            "incomeBeforeTax": "287300000",
            "incomeTaxExpense": "69000000",
            "interestAndDebtExpense": "14100000",
            "netIncomeFromContinuingOperations": "218300000",
            "comprehensiveIncomeNetOfTax": "207100000",
            "ebit": "301400000",
            "ebitda": "331900000",
            "netIncome": "218300000"
        },
        {
            "fiscalDateEnding": "2021-03-31",
            "reportedCurrency": "USD",
            "grossProfit": "550900000",
            "totalRevenue": "1238900000",
            "costOfRevenue": "688000000",
            "costofGoodsAndServicesSold": "688000000",
            "operatingIncome": "302600000",
            "sellingGeneralAndAdministrative": "149600000",
            "researchAndDevelopment": "24100000",
            "operatingExpenses": "204200000",
            "investmentIncomeNet": "-100000",
            "netInterestIncome": "-14000000",
            "interestIncome": "11500000",
            "interestExpense": "14000000",
            "nonInterestIncome": "1238900000",
            "otherNonOperatingIncome": "-100000",
            "depreciation": "16800000",
            "depreciationAndAmortization": "30500000",
            "incomeBeforeTax": "291000000",
            "incomeTaxExpense": "70300000",
            "interestAndDebtExpense": "14000000",
            "netIncomeFromContinuingOperations": "220700000",
            "comprehensiveIncomeNetOfTax": "243700000",
            "ebit": "305000000",
            "ebitda": "335500000",
            "netIncome": "220700000"
        },
        {
            "fiscalDateEnding": "2020-12-31",
            "reportedCurrency": "USD",
            "grossProfit": "557400000",
            "totalRevenue": "1295300000",
            "costOfRevenue": "737900000",
            "costofGoodsAndServicesSold": "737900000",
            "operatingIncome": "190600000",
            "sellingGeneralAndAdministrative": "165200000",
            "researchAndDevelopment": "29300000",
            "operatingExpenses": "222900000",
            "investmentIncomeNet": "None",
            "netInterestIncome": "-14000000",
            "interestIncome": "1200000",
            "interestExpense": "14000000",
            "nonInterestIncome": "1295300000",
            "otherNonOperatingIncome": "-1000000",
            "depreciation": "17800000",
            "depreciationAndAmortization": "26500000",
            "incomeBeforeTax": "176900000",
            "incomeTaxExpense": "26700000",
            "interestAndDebtExpense": "14000000",
            "netIncomeFromContinuingOperations": "190600000",
            "comprehensiveIncomeNetOfTax": "163400000",
            "ebit": "190900000",
            "ebitda": "217400000",
            "netIncome": "150200000"
        },
        {
            "fiscalDateEnding": "2020-09-30",
            "reportedCurrency": "USD",
            "grossProfit": "565200000",
            "totalRevenue": "1241000000",
            "costOfRevenue": "675800000",
            "costofGoodsAndServicesSold": "675800000",
            "operatingIncome": "273800000",
            "sellingGeneralAndAdministrative": "120500000",
            "researchAndDevelopment": "27000000",
            "operatingExpenses": "171900000",
            "investmentIncomeNet": "0",
            "netInterestIncome": "-13900000",
            "interestIncome": "12000000",
            "interestExpense": "13900000",
            "nonInterestIncome": "1241000000",
            "otherNonOperatingIncome": "-300000",
            "depreciation": "16400000",
            "depreciationAndAmortization": "24400000",
            "incomeBeforeTax": "261500000",
            "incomeTaxExpense": "45300000",
            "interestAndDebtExpense": "13900000",
            "netIncomeFromContinuingOperations": "216200000",
            "comprehensiveIncomeNetOfTax": "223700000",
            "ebit": "275400000",
            "ebitda": "299800000",
            "netIncome": "216200000"
        },
        {
            "fiscalDateEnding": "2020-06-30",
            "reportedCurrency": "USD",
            "grossProfit": "559600000",
            "totalRevenue": "1194300000",
            "costOfRevenue": "634700000",
            "costofGoodsAndServicesSold": "634700000",
            "operatingIncome": "250700000",
            "sellingGeneralAndAdministrative": "186600000",
            "researchAndDevelopment": "24600000",
            "operatingExpenses": "235700000",
            "investmentIncomeNet": "300000",
            "netInterestIncome": "-16800000",
            "interestIncome": "14500000",
            "interestExpense": "16800000",
            "nonInterestIncome": "1194300000",
            "otherNonOperatingIncome": "-200000",
            "depreciation": "16000000",
            "depreciationAndAmortization": "24500000",
            "incomeBeforeTax": "236000000",
            "incomeTaxExpense": "46300000",
            "interestAndDebtExpense": "16800000",
            "netIncomeFromContinuingOperations": "189700000",
            "comprehensiveIncomeNetOfTax": "190800000",
            "ebit": "252800000",
            "ebitda": "277300000",
            "netIncome": "189700000"
        },
        {
            "fiscalDateEnding": "2020-03-31",
            "reportedCurrency": "USD",
            "grossProfit": "532000000",
            "totalRevenue": "1165200000",
            "costOfRevenue": "633200000",
            "costofGoodsAndServicesSold": "633200000",
            "operatingIncome": "314600000",
            "sellingGeneralAndAdministrative": "121000000",
            "researchAndDevelopment": "21700000",
            "operatingExpenses": "164200000",
            "investmentIncomeNet": "100000",
            "netInterestIncome": "-16300000",
            "interestIncome": "14600000",
            "interestExpense": "16300000",
            "nonInterestIncome": "1165200000",
            "otherNonOperatingIncome": "-600000",
            "depreciation": "16000000",
            "depreciationAndAmortization": "24500000",
            "incomeBeforeTax": "299400000",
            "incomeTaxExpense": "69600000",
            "interestAndDebtExpense": "16300000",
            "netIncomeFromContinuingOperations": "229800000",
            "comprehensiveIncomeNetOfTax": "197100000",
            "ebit": "315700000",
            "ebitda": "340200000",
            "netIncome": "229800000"
        },
        {
            "fiscalDateEnding": "2019-12-31",
            "reportedCurrency": "USD",
            "grossProfit": "524000000",
            "totalRevenue": "1144200000",
            "costOfRevenue": "620200000",
            "costofGoodsAndServicesSold": "620200000",
            "operatingIncome": "195200000",
            "sellingGeneralAndAdministrative": "166200000",
            "researchAndDevelopment": "26000000",
            "operatingExpenses": "230900000",
            "investmentIncomeNet": "None",
            "netInterestIncome": "-18000000",
            "interestIncome": "16300000",
            "interestExpense": "18000000",
            "nonInterestIncome": "1144200000",
            "otherNonOperatingIncome": "-1200000",
            "depreciation": "15900000",
            "depreciationAndAmortization": "24900000",
            "incomeBeforeTax": "177700000",
            "incomeTaxExpense": "33300000",
            "interestAndDebtExpense": "18000000",
            "netIncomeFromContinuingOperations": "195200000",
            "comprehensiveIncomeNetOfTax": "158400000",
            "ebit": "195700000",
            "ebitda": "220600000",
            "netIncome": "144400000"
        },
        {
            "fiscalDateEnding": "2019-09-30",
            "reportedCurrency": "USD",
            "grossProfit": "507700000",
            "totalRevenue": "1089400000",
            "costOfRevenue": "581700000",
            "costofGoodsAndServicesSold": "581700000",
            "operatingIncome": "216800000",
            "sellingGeneralAndAdministrative": "165700000",
            "researchAndDevelopment": "24500000",
            "operatingExpenses": "215400000",
            "investmentIncomeNet": "None",
            "netInterestIncome": "-18900000",
            "interestIncome": "16500000",
            "interestExpense": "18900000",
            "nonInterestIncome": "1089400000",
            "otherNonOperatingIncome": "300000",
            "depreciation": "16000000",
            "depreciationAndAmortization": "25200000",
            "incomeBeforeTax": "200600000",
            "incomeTaxExpense": "43300000",
            "interestAndDebtExpense": "18900000",
            "netIncomeFromContinuingOperations": "157300000",
            "comprehensiveIncomeNetOfTax": "145000000",
            "ebit": "219500000",
            "ebitda": "244700000",
            "netIncome": "157300000"
        },
        {
            "fiscalDateEnding": "2019-06-30",
            "reportedCurrency": "USD",
            "grossProfit": "481500000",
            "totalRevenue": "1079400000",
            "costOfRevenue": "597900000",
            "costofGoodsAndServicesSold": "597900000",
            "operatingIncome": "187400000",
            "sellingGeneralAndAdministrative": "165000000",
            "researchAndDevelopment": "22400000",
            "operatingExpenses": "210100000",
            "investmentIncomeNet": "None",
            "netInterestIncome": "-18900000",
            "interestIncome": "17000000",
            "interestExpense": "18900000",
            "nonInterestIncome": "1079400000",
            "otherNonOperatingIncome": "-100000",
            "depreciation": "16100000",
            "depreciationAndAmortization": "22700000",
            "incomeBeforeTax": "170300000",
            "incomeTaxExpense": "31800000",
            "interestAndDebtExpense": "18900000",
            "netIncomeFromContinuingOperations": "138500000",
            "comprehensiveIncomeNetOfTax": "129600000",
            "ebit": "189200000",
            "ebitda": "211900000",
            "netIncome": "138500000"
        },
        {
            "fiscalDateEnding": "2019-03-31",
            "reportedCurrency": "USD",
            "grossProfit": "470800000",
            "totalRevenue": "1044700000",
            "costOfRevenue": "573900000",
            "costofGoodsAndServicesSold": "573900000",
            "operatingIncome": "240800000",
            "sellingGeneralAndAdministrative": "131900000",
            "researchAndDevelopment": "20700000",
            "operatingExpenses": "170200000",
            "investmentIncomeNet": "None",
            "netInterestIncome": "-17800000",
            "interestIncome": "None",
            "interestExpense": "17800000",
            "nonInterestIncome": "1044700000",
            "otherNonOperatingIncome": "-100000",
            "depreciation": "15800000",
            "depreciationAndAmortization": "17600000",
            "incomeBeforeTax": "225100000",
            "incomeTaxExpense": "49400000",
            "interestAndDebtExpense": "17800000",
            "netIncomeFromContinuingOperations": "175700000",
            "comprehensiveIncomeNetOfTax": "169800000",
            "ebit": "242900000",
            "ebitda": "260500000",
            "netIncome": "175700000"
        },
        {
            "fiscalDateEnding": "2018-12-31",
            "reportedCurrency": "USD",
            "grossProfit": "474300000",
            "totalRevenue": "1074400000",
            "costOfRevenue": "600100000",
            "costofGoodsAndServicesSold": "600100000",
            "operatingIncome": "193400000",
            "sellingGeneralAndAdministrative": "154500000",
            "researchAndDevelopment": "25300000",
            "operatingExpenses": "201200000",
            "investmentIncomeNet": "None",
            "netInterestIncome": "-19700000",
            "interestIncome": "None",
            "interestExpense": "19700000",
            "nonInterestIncome": "1074400000",
            "otherNonOperatingIncome": "-800000",
            "depreciation": "16800000",
            "depreciationAndAmortization": "17800000",
            "incomeBeforeTax": "176100000",
            "incomeTaxExpense": "33300000",
            "interestAndDebtExpense": "19700000",
            "netIncomeFromContinuingOperations": "193400000",
            "comprehensiveIncomeNetOfTax": "132100000",
            "ebit": "195800000",
            "ebitda": "213600000",
            "netIncome": "142800000"
        },
        {
            "fiscalDateEnding": "2018-09-30",
            "reportedCurrency": "USD",
            "grossProfit": "460100000",
            "totalRevenue": "1037600000",
            "costOfRevenue": "577500000",
            "costofGoodsAndServicesSold": "577500000",
            "operatingIncome": "204200000",
            "sellingGeneralAndAdministrative": "135400000",
            "researchAndDevelopment": "23100000",
            "operatingExpenses": "176100000",
            "investmentIncomeNet": "None",
            "netInterestIncome": "-19400000",
            "interestIncome": "None",
            "interestExpense": "19400000",
            "nonInterestIncome": "1037600000",
            "otherNonOperatingIncome": "-300000",
            "depreciation": "16200000",
            "depreciationAndAmortization": "17600000",
            "incomeBeforeTax": "187300000",
            "incomeTaxExpense": "41000000",
            "interestAndDebtExpense": "19400000",
            "netIncomeFromContinuingOperations": "146300000",
            "comprehensiveIncomeNetOfTax": "152700000",
            "ebit": "206700000",
            "ebitda": "224300000",
            "netIncome": "146300000"
        },
        {
            "fiscalDateEnding": "2018-06-30",
            "reportedCurrency": "USD",
            "grossProfit": "454900000",
            "totalRevenue": "1027900000",
            "costOfRevenue": "573000000",
            "costofGoodsAndServicesSold": "573000000",
            "operatingIncome": "173800000",
            "sellingGeneralAndAdministrative": "144700000",
            "researchAndDevelopment": "21800000",
            "operatingExpenses": "184300000",
            "investmentIncomeNet": "None",
            "netInterestIncome": "-20200000",
            "interestIncome": "None",
            "interestExpense": "20200000",
            "nonInterestIncome": "1027900000",
            "otherNonOperatingIncome": "-700000",
            "depreciation": "15000000",
            "depreciationAndAmortization": "17800000",
            "incomeBeforeTax": "155400000",
            "incomeTaxExpense": "33700000",
            "interestAndDebtExpense": "20200000",
            "netIncomeFromContinuingOperations": "121700000",
            "comprehensiveIncomeNetOfTax": "106100000",
            "ebit": "175600000",
            "ebitda": "193400000",
            "netIncome": "121700000"
        },
        {
            "fiscalDateEnding": "2018-03-31",
            "reportedCurrency": "USD",
            "grossProfit": "451500000",
            "totalRevenue": "1006000000",
            "costOfRevenue": "554500000",
            "costofGoodsAndServicesSold": "554500000",
            "operatingIncome": "220300000",
            "sellingGeneralAndAdministrative": "131300000",
            "researchAndDevelopment": "19500000",
            "operatingExpenses": "168800000",
            "investmentIncomeNet": "None",
            "netInterestIncome": "-20100000",
            "interestIncome": "None",
            "interestExpense": "20100000",
            "nonInterestIncome": "1006000000",
            "otherNonOperatingIncome": "-2100000",
            "depreciation": "16400000",
            "depreciationAndAmortization": "18000000",
            "incomeBeforeTax": "200700000",
            "incomeTaxExpense": "42900000",
            "interestAndDebtExpense": "20100000",
            "netIncomeFromContinuingOperations": "157800000",
            "comprehensiveIncomeNetOfTax": "161100000",
            "ebit": "220800000",
            "ebitda": "238800000",
            "netIncome": "157800000"
        },
        {
            "fiscalDateEnding": "2017-12-31",
            "reportedCurrency": "USD",
            "grossProfit": "481400000",
            "totalRevenue": "1033100000",
            "costOfRevenue": "551700000",
            "costofGoodsAndServicesSold": "551700000",
            "operatingIncome": "214700000",
            "sellingGeneralAndAdministrative": "146100000",
            "researchAndDevelopment": "22700000",
            "operatingExpenses": "187800000",
            "investmentIncomeNet": "None",
            "netInterestIncome": "-18700000",
            "interestIncome": "None",
            "interestExpense": "18700000",
            "nonInterestIncome": "1033100000",
            "otherNonOperatingIncome": "-800000",
            "depreciation": "15800000",
            "depreciationAndAmortization": "16900000",
            "incomeBeforeTax": "198700000",
            "incomeTaxExpense": "-206900000",
            "interestAndDebtExpense": "18700000",
            "netIncomeFromContinuingOperations": "214700000",
            "comprehensiveIncomeNetOfTax": "404700000",
            "ebit": "214700000",
            "ebitda": "234300000",
            "netIncome": "405600000"
        },
        {
            "fiscalDateEnding": "2017-09-30",
            "reportedCurrency": "USD",
            "grossProfit": "438500000",
            "totalRevenue": "967900000",
            "costOfRevenue": "529400000",
            "costofGoodsAndServicesSold": "529400000",
            "operatingIncome": "198700000",
            "sellingGeneralAndAdministrative": "127900000",
            "researchAndDevelopment": "18000000",
            "operatingExpenses": "161800000",
            "investmentIncomeNet": "None",
            "netInterestIncome": "-16400000",
            "interestIncome": "None",
            "interestExpense": "16400000",
            "nonInterestIncome": "967900000",
            "otherNonOperatingIncome": "1200000",
            "depreciation": "15400000",
            "depreciationAndAmortization": "15900000",
            "incomeBeforeTax": "187000000",
            "incomeTaxExpense": "53600000",
            "interestAndDebtExpense": "16400000",
            "netIncomeFromContinuingOperations": "133400000",
            "comprehensiveIncomeNetOfTax": "139200000",
            "ebit": "198700000",
            "ebitda": "219300000",
            "netIncome": "133400000"
        },
        {
            "fiscalDateEnding": "2017-06-30",
            "reportedCurrency": "USD",
            "grossProfit": "410400000",
            "totalRevenue": "898000000",
            "costOfRevenue": "487600000",
            "costofGoodsAndServicesSold": "487600000",
            "operatingIncome": "123200000",
            "sellingGeneralAndAdministrative": "156300000",
            "researchAndDevelopment": "16000000",
            "operatingExpenses": "186700000",
            "investmentIncomeNet": "None",
            "netInterestIncome": "-9300000",
            "interestIncome": "None",
            "interestExpense": "9300000",
            "nonInterestIncome": "898000000",
            "otherNonOperatingIncome": "-500000",
            "depreciation": "14900000",
            "depreciationAndAmortization": "14400000",
            "incomeBeforeTax": "116800000",
            "incomeTaxExpense": "43900000",
            "interestAndDebtExpense": "9300000",
            "netIncomeFromContinuingOperations": "72900000",
            "comprehensiveIncomeNetOfTax": "88100000",
            "ebit": "123200000",
            "ebitda": "140500000",
            "netIncome": "72900000"
        },
        {
            "fiscalDateEnding": "2017-03-31",
            "reportedCurrency": "USD",
            "grossProfit": "399300000",
            "totalRevenue": "877200000",
            "costOfRevenue": "477900000",
            "costofGoodsAndServicesSold": "477900000",
            "operatingIncome": "196100000",
            "sellingGeneralAndAdministrative": "112400000",
            "researchAndDevelopment": "14100000",
            "operatingExpenses": "140400000",
            "investmentIncomeNet": "None",
            "netInterestIncome": "-8200000",
            "interestIncome": "None",
            "interestExpense": "8200000",
            "nonInterestIncome": "877200000",
            "otherNonOperatingIncome": "-200000",
            "depreciation": "14800000",
            "depreciationAndAmortization": "13900000",
            "incomeBeforeTax": "190200000",
            "incomeTaxExpense": "58700000",
            "interestAndDebtExpense": "8200000",
            "netIncomeFromContinuingOperations": "131500000",
            "comprehensiveIncomeNetOfTax": "138800000",
            "ebit": "196100000",
            "ebitda": "212300000",
            "netIncome": "131500000"
        },
        {
            "fiscalDateEnding": "2016-12-31",
            "reportedCurrency": "USD",
            "grossProfit": "408000000",
            "totalRevenue": "896000000",
            "costOfRevenue": "132900000",
            "costofGoodsAndServicesSold": "488000000",
            "operatingIncome": "173400000",
            "sellingGeneralAndAdministrative": "118300000",
            "researchAndDevelopment": "18200000",
            "operatingExpenses": "153900000",
            "investmentIncomeNet": "None",
            "netInterestIncome": "-7000000",
            "interestIncome": "None",
            "interestExpense": "7000000",
            "nonInterestIncome": "None",
            "otherNonOperatingIncome": "0",
            "depreciation": "14700000",
            "depreciationAndAmortization": "12600000",
            "incomeBeforeTax": "169500000",
            "incomeTaxExpense": "59100000",
            "interestAndDebtExpense": "7000000",
            "netIncomeFromContinuingOperations": "173400000",
            "comprehensiveIncomeNetOfTax": "98400000",
            "ebit": "176500000",
            "ebitda": "189100000",
            "netIncome": "110400000"
        },
        {
            "fiscalDateEnding": "2016-09-30",
            "reportedCurrency": "USD",
            "grossProfit": "395600000",
            "totalRevenue": "863900000",
            "costOfRevenue": "587500000",
            "costofGoodsAndServicesSold": "475100000",
            "operatingIncome": "196000000",
            "sellingGeneralAndAdministrative": "101400000",
            "researchAndDevelopment": "14500000",
            "operatingExpenses": "126900000",
            "investmentIncomeNet": "None",
            "netInterestIncome": "-6800000",
            "interestIncome": "None",
            "interestExpense": "6800000",
            "nonInterestIncome": "None",
            "otherNonOperatingIncome": "300000",
            "depreciation": "14300000",
            "depreciationAndAmortization": "11000000",
            "incomeBeforeTax": "192400000",
            "incomeTaxExpense": "68400000",
            "interestAndDebtExpense": "6800000",
            "netIncomeFromContinuingOperations": "124000000",
            "comprehensiveIncomeNetOfTax": "122200000",
            "ebit": "199200000",
            "ebitda": "210200000",
            "netIncome": "124000000"
        },
        {
            "fiscalDateEnding": "2016-06-30",
            "reportedCurrency": "USD",
            "grossProfit": "408000000",
            "totalRevenue": "264900000",
            "costOfRevenue": "593000000",
            "costofGoodsAndServicesSold": "469400000",
            "operatingIncome": "175300000",
            "sellingGeneralAndAdministrative": "112500000",
            "researchAndDevelopment": "16100000",
            "operatingExpenses": "139700000",
            "investmentIncomeNet": "None",
            "netInterestIncome": "-7100000",
            "interestIncome": "None",
            "interestExpense": "7100000",
            "nonInterestIncome": "None",
            "otherNonOperatingIncome": "-100000",
            "depreciation": "14700000",
            "depreciationAndAmortization": "11100000",
            "incomeBeforeTax": "171000000",
            "incomeTaxExpense": "59400000",
            "interestAndDebtExpense": "7100000",
            "netIncomeFromContinuingOperations": "82200000",
            "comprehensiveIncomeNetOfTax": "104300000",
            "ebit": "178100000",
            "ebitda": "189200000",
            "netIncome": "111600000"
        },
        {
            "fiscalDateEnding": "2016-03-31",
            "reportedCurrency": "USD",
            "grossProfit": "379000000",
            "totalRevenue": "641600000",
            "costOfRevenue": "588300000",
            "costofGoodsAndServicesSold": "470000000",
            "operatingIncome": "179500000",
            "sellingGeneralAndAdministrative": "107000000",
            "researchAndDevelopment": "14400000",
            "operatingExpenses": "132700000",
            "investmentIncomeNet": "None",
            "netInterestIncome": "-6800000",
            "interestIncome": "None",
            "interestExpense": "6800000",
            "nonInterestIncome": "None",
            "otherNonOperatingIncome": "-1700000",
            "depreciation": "16000000",
            "depreciationAndAmortization": "11300000",
            "incomeBeforeTax": "173000000",
            "incomeTaxExpense": "60000000",
            "interestAndDebtExpense": "6800000",
            "netIncomeFromContinuingOperations": "113000000",
            "comprehensiveIncomeNetOfTax": "116200000",
            "ebit": "179800000",
            "ebitda": "191100000",
            "netIncome": "113000000"
        },
        {
            "fiscalDateEnding": "2015-12-31",
            "reportedCurrency": "USD",
            "grossProfit": "397400000",
            "totalRevenue": "873600000",
            "costOfRevenue": "595400000",
            "costofGoodsAndServicesSold": "476200000",
            "operatingIncome": "169200000",
            "sellingGeneralAndAdministrative": "108100000",
            "researchAndDevelopment": "16600000",
            "operatingExpenses": "135800000",
            "investmentIncomeNet": "None",
            "netInterestIncome": "22900000",
            "interestIncome": "30500000",
            "interestExpense": "7600000",
            "nonInterestIncome": "400000",
            "otherNonOperatingIncome": "400000",
            "depreciation": "14200000",
            "depreciationAndAmortization": "9800000",
            "incomeBeforeTax": "164900000",
            "incomeTaxExpense": "55800000",
            "interestAndDebtExpense": "-22900000",
            "netIncomeFromContinuingOperations": "169200000",
            "comprehensiveIncomeNetOfTax": "169200000",
            "ebit": "172500000",
            "ebitda": "182300000",
            "netIncome": "109100000"
        },
        {
            "fiscalDateEnding": "2015-09-30",
            "reportedCurrency": "USD",
            "grossProfit": "385800000",
            "totalRevenue": "861800000",
            "costOfRevenue": "588100000",
            "costofGoodsAndServicesSold": "476000000",
            "operatingIncome": "190600000",
            "sellingGeneralAndAdministrative": "102400000",
            "researchAndDevelopment": "16000000",
            "operatingExpenses": "128100000",
            "investmentIncomeNet": "None",
            "netInterestIncome": "-7400000",
            "interestIncome": "None",
            "interestExpense": "7400000",
            "nonInterestIncome": "1000000",
            "otherNonOperatingIncome": "-800000",
            "depreciation": "14500000",
            "depreciationAndAmortization": "9700000",
            "incomeBeforeTax": "185700000",
            "incomeTaxExpense": "65300000",
            "interestAndDebtExpense": "7400000",
            "netIncomeFromContinuingOperations": "-52500000",
            "comprehensiveIncomeNetOfTax": "109600000",
            "ebit": "193100000",
            "ebitda": "202800000",
            "netIncome": "120400000"
        },
        {
            "fiscalDateEnding": "2015-06-30",
            "reportedCurrency": "USD",
            "grossProfit": "373100000",
            "totalRevenue": "847100000",
            "costOfRevenue": "615700000",
            "costofGoodsAndServicesSold": "474000000",
            "operatingIncome": "142300000",
            "sellingGeneralAndAdministrative": "115000000",
            "researchAndDevelopment": "18300000",
            "operatingExpenses": "160000000",
            "investmentIncomeNet": "None",
            "netInterestIncome": "-7900000",
            "interestIncome": "None",
            "interestExpense": "7900000",
            "nonInterestIncome": "-1700000",
            "otherNonOperatingIncome": "-1600000",
            "depreciation": "15000000",
            "depreciationAndAmortization": "9700000",
            "incomeBeforeTax": "119500000",
            "incomeTaxExpense": "45800000",
            "interestAndDebtExpense": "7900000",
            "netIncomeFromContinuingOperations": "-29700000",
            "comprehensiveIncomeNetOfTax": "95700000",
            "ebit": "127400000",
            "ebitda": "137100000",
            "netIncome": "73700000"
        },
        {
            "fiscalDateEnding": "2015-03-31",
            "reportedCurrency": "USD",
            "grossProfit": "355500000",
            "totalRevenue": "807700000",
            "costOfRevenue": "562100000",
            "costofGoodsAndServicesSold": "456800000",
            "operatingIncome": "172100000",
            "sellingGeneralAndAdministrative": "94600000",
            "researchAndDevelopment": "13800000",
            "operatingExpenses": "119100000",
            "investmentIncomeNet": "None",
            "netInterestIncome": "-7600000",
            "interestIncome": "None",
            "interestExpense": "7600000",
            "nonInterestIncome": "2400000",
            "otherNonOperatingIncome": "-2000000",
            "depreciation": "14600000",
            "depreciationAndAmortization": "10700000",
            "incomeBeforeTax": "165300000",
            "incomeTaxExpense": "58100000",
            "interestAndDebtExpense": "7600000",
            "netIncomeFromContinuingOperations": "71500000",
            "comprehensiveIncomeNetOfTax": "85800000",
            "ebit": "172900000",
            "ebitda": "183600000",
            "netIncome": "107200000"
        },
        {
            "fiscalDateEnding": "2014-12-31",
            "reportedCurrency": "USD",
            "grossProfit": "389600000",
            "totalRevenue": "865500000",
            "costOfRevenue": "498200000",
            "costofGoodsAndServicesSold": "475900000",
            "operatingIncome": "163800000",
            "sellingGeneralAndAdministrative": "106700000",
            "researchAndDevelopment": "17500000",
            "operatingExpenses": "18000000",
            "investmentIncomeNet": "None",
            "netInterestIncome": "18500000",
            "interestIncome": "25400000",
            "interestExpense": "6900000",
            "nonInterestIncome": "3300000",
            "otherNonOperatingIncome": "-1200000",
            "depreciation": "13800000",
            "depreciationAndAmortization": "9000000",
            "incomeBeforeTax": "160000000",
            "incomeTaxExpense": "53400000",
            "interestAndDebtExpense": "-18500000",
            "netIncomeFromContinuingOperations": "163800000",
            "comprehensiveIncomeNetOfTax": "106600000",
            "ebit": "166900000",
            "ebitda": "175900000",
            "netIncome": "106600000"
        },
        {
            "fiscalDateEnding": "2014-09-30",
            "reportedCurrency": "USD",
            "grossProfit": "367500000",
            "totalRevenue": "835000000",
            "costOfRevenue": "575500000",
            "costofGoodsAndServicesSold": "474300000",
            "operatingIncome": "177200000",
            "sellingGeneralAndAdministrative": "93700000",
            "researchAndDevelopment": "14800000",
            "operatingExpenses": "122800000",
            "investmentIncomeNet": "None",
            "netInterestIncome": "-6900000",
            "interestIncome": "None",
            "interestExpense": "6900000",
            "nonInterestIncome": "100000",
            "otherNonOperatingIncome": "-1100000",
            "depreciation": "13900000",
            "depreciationAndAmortization": "7500000",
            "incomeBeforeTax": "173200000",
            "incomeTaxExpense": "57300000",
            "interestAndDebtExpense": "6900000",
            "netIncomeFromContinuingOperations": "84100000",
            "comprehensiveIncomeNetOfTax": "213400000",
            "ebit": "180100000",
            "ebitda": "187600000",
            "netIncome": "115900000"
        },
        {
            "fiscalDateEnding": "2014-06-30",
            "reportedCurrency": "USD",
            "grossProfit": "356400000",
            "totalRevenue": "801400000",
            "costOfRevenue": "564300000",
            "costofGoodsAndServicesSold": "451900000",
            "operatingIncome": "138200000",
            "sellingGeneralAndAdministrative": "104800000",
            "researchAndDevelopment": "14400000",
            "operatingExpenses": "133700000",
            "investmentIncomeNet": "None",
            "netInterestIncome": "-6900000",
            "interestIncome": "None",
            "interestExpense": "6900000",
            "nonInterestIncome": "300000",
            "otherNonOperatingIncome": "200000",
            "depreciation": "14700000",
            "depreciationAndAmortization": "7600000",
            "incomeBeforeTax": "135000000",
            "incomeTaxExpense": "46200000",
            "interestAndDebtExpense": "6900000",
            "netIncomeFromContinuingOperations": "88800000",
            "comprehensiveIncomeNetOfTax": "183500000",
            "ebit": "141900000",
            "ebitda": "149500000",
            "netIncome": "88800000"
        },
        {
            "fiscalDateEnding": "2014-03-31",
            "reportedCurrency": "USD",
            "grossProfit": "339400000",
            "totalRevenue": "775300000",
            "costOfRevenue": "539800000",
            "costofGoodsAndServicesSold": "442600000",
            "operatingIncome": "162000000",
            "sellingGeneralAndAdministrative": "89600000",
            "researchAndDevelopment": "13100000",
            "operatingExpenses": "117000000",
            "investmentIncomeNet": "None",
            "netInterestIncome": "-6700000",
            "interestIncome": "None",
            "interestExpense": "6700000",
            "nonInterestIncome": "1000000",
            "otherNonOperatingIncome": "-700000",
            "depreciation": "14700000",
            "depreciationAndAmortization": "7600000",
            "incomeBeforeTax": "156700000",
            "incomeTaxExpense": "54100000",
            "interestAndDebtExpense": "6700000",
            "netIncomeFromContinuingOperations": "102600000",
            "comprehensiveIncomeNetOfTax": "203600000",
            "ebit": "163400000",
            "ebitda": "171000000",
            "netIncome": "102600000"
        },
        {
            "fiscalDateEnding": "2013-12-31",
            "reportedCurrency": "USD",
            "grossProfit": "371700000",
            "totalRevenue": "822600000",
            "costOfRevenue": "6500000",
            "costofGoodsAndServicesSold": "450900000",
            "operatingIncome": "144600000",
            "sellingGeneralAndAdministrative": "109600000",
            "researchAndDevelopment": "16800000",
            "operatingExpenses": "6500000",
            "investmentIncomeNet": "None",
            "netInterestIncome": "-6700000",
            "interestIncome": "-26400000",
            "interestExpense": "-19700000",
            "nonInterestIncome": "2600000",
            "otherNonOperatingIncome": "1200000",
            "depreciation": "14800000",
            "depreciationAndAmortization": "7400000",
            "incomeBeforeTax": "139200000",
            "incomeTaxExpense": "47000000",
            "interestAndDebtExpense": "6700000",
            "netIncomeFromContinuingOperations": "146000000",
            "comprehensiveIncomeNetOfTax": "92200000",
            "ebit": "119500000",
            "ebitda": "126900000",
            "netIncome": "92200000"
        },
        {
            "fiscalDateEnding": "2013-09-30",
            "reportedCurrency": "USD",
            "grossProfit": "365200000",
            "totalRevenue": "797800000",
            "costOfRevenue": "544300000",
            "costofGoodsAndServicesSold": "439600000",
            "operatingIncome": "167800000",
            "sellingGeneralAndAdministrative": "97700000",
            "researchAndDevelopment": "16300000",
            "operatingExpenses": "128000000",
            "investmentIncomeNet": "None",
            "netInterestIncome": "-7000000",
            "interestIncome": "None",
            "interestExpense": "7000000",
            "nonInterestIncome": "-100000",
            "otherNonOperatingIncome": "-100000",
            "depreciation": "14100000",
            "depreciationAndAmortization": "7000000",
            "incomeBeforeTax": "163200000",
            "incomeTaxExpense": "55300000",
            "interestAndDebtExpense": "7000000",
            "netIncomeFromContinuingOperations": "107900000",
            "comprehensiveIncomeNetOfTax": "223300000",
            "ebit": "170200000",
            "ebitda": "177200000",
            "netIncome": "107900000"
        },
        {
            "fiscalDateEnding": "2013-06-30",
            "reportedCurrency": "USD",
            "grossProfit": "351000000",
            "totalRevenue": "780600000",
            "costOfRevenue": "550500000",
            "costofGoodsAndServicesSold": "436600000",
            "operatingIncome": "140500000",
            "sellingGeneralAndAdministrative": "106800000",
            "researchAndDevelopment": "14300000",
            "operatingExpenses": "135200000",
            "investmentIncomeNet": "None",
            "netInterestIncome": "-7000000",
            "interestIncome": "None",
            "interestExpense": "7000000",
            "nonInterestIncome": "None",
            "otherNonOperatingIncome": "-900000",
            "depreciation": "15000000",
            "depreciationAndAmortization": "7100000",
            "incomeBeforeTax": "132200000",
            "incomeTaxExpense": "45600000",
            "interestAndDebtExpense": "7000000",
            "netIncomeFromContinuingOperations": "86600000",
            "comprehensiveIncomeNetOfTax": "164500000",
            "ebit": "139200000",
            "ebitda": "146300000",
            "netIncome": "86600000"
        },
        {
            "fiscalDateEnding": "2013-03-31",
            "reportedCurrency": "USD",
            "grossProfit": "350100000",
            "totalRevenue": "772300000",
            "costOfRevenue": "538500000",
            "costofGoodsAndServicesSold": "429200000",
            "operatingIncome": "169300000",
            "sellingGeneralAndAdministrative": "101900000",
            "researchAndDevelopment": "14400000",
            "operatingExpenses": "130700000",
            "investmentIncomeNet": "None",
            "netInterestIncome": "-7000000",
            "interestIncome": "None",
            "interestExpense": "7000000",
            "nonInterestIncome": "None",
            "otherNonOperatingIncome": "-400000",
            "depreciation": "15800000",
            "depreciationAndAmortization": "7400000",
            "incomeBeforeTax": "163200000",
            "incomeTaxExpense": "55500000",
            "interestAndDebtExpense": "7000000",
            "netIncomeFromContinuingOperations": "107700000",
            "comprehensiveIncomeNetOfTax": "209800000",
            "ebit": "170200000",
            "ebitda": "177600000",
            "netIncome": "107700000"
        },
        {
            "fiscalDateEnding": "2012-12-31",
            "reportedCurrency": "USD",
            "grossProfit": "358400000",
            "totalRevenue": "809700000",
            "costOfRevenue": "582100000",
            "costofGoodsAndServicesSold": "451300000",
            "operatingIncome": "134600000",
            "sellingGeneralAndAdministrative": "115100000",
            "researchAndDevelopment": "14600000",
            "operatingExpenses": "151700000",
            "investmentIncomeNet": "None",
            "netInterestIncome": "-6300000",
            "interestIncome": "-2800000",
            "interestExpense": "3500000",
            "nonInterestIncome": "None",
            "otherNonOperatingIncome": "-500000",
            "depreciation": "15800000",
            "depreciationAndAmortization": "9200000",
            "incomeBeforeTax": "130200000",
            "incomeTaxExpense": "49400000",
            "interestAndDebtExpense": "6300000",
            "netIncomeFromContinuingOperations": "136200000",
            "comprehensiveIncomeNetOfTax": "80800000",
            "ebit": "133700000",
            "ebitda": "142900000",
            "netIncome": "80800000"
        },
        {
            "fiscalDateEnding": "2012-09-30",
            "reportedCurrency": "USD",
            "grossProfit": "327500000",
            "totalRevenue": "722600000",
            "costOfRevenue": "493500000",
            "costofGoodsAndServicesSold": "397700000",
            "operatingIncome": "145400000",
            "sellingGeneralAndAdministrative": "89900000",
            "researchAndDevelopment": "13700000",
            "operatingExpenses": "112100000",
            "investmentIncomeNet": "None",
            "netInterestIncome": "-2600000",
            "interestIncome": "None",
            "interestExpense": "2600000",
            "nonInterestIncome": "None",
            "otherNonOperatingIncome": "400000",
            "depreciation": "13700000",
            "depreciationAndAmortization": "5900000",
            "incomeBeforeTax": "146000000",
            "incomeTaxExpense": "52100000",
            "interestAndDebtExpense": "2600000",
            "netIncomeFromContinuingOperations": "93900000",
            "comprehensiveIncomeNetOfTax": "100400000",
            "ebit": "148600000",
            "ebitda": "154500000",
            "netIncome": "93900000"
        },
        {
            "fiscalDateEnding": "2012-06-30",
            "reportedCurrency": "USD",
            "grossProfit": "303000000",
            "totalRevenue": "694000000",
            "costOfRevenue": "491400000",
            "costofGoodsAndServicesSold": "393400000",
            "operatingIncome": "122400000",
            "sellingGeneralAndAdministrative": "92200000",
            "researchAndDevelopment": "13900000",
            "operatingExpenses": "114300000",
            "investmentIncomeNet": "None",
            "netInterestIncome": "-2400000",
            "interestIncome": "None",
            "interestExpense": "2400000",
            "nonInterestIncome": "None",
            "otherNonOperatingIncome": "500000",
            "depreciation": "13700000",
            "depreciationAndAmortization": "5800000",
            "incomeBeforeTax": "123100000",
            "incomeTaxExpense": "43800000",
            "interestAndDebtExpense": "2400000",
            "netIncomeFromContinuingOperations": "79300000",
            "comprehensiveIncomeNetOfTax": "69900000",
            "ebit": "125500000",
            "ebitda": "131300000",
            "netIncome": "79300000"
        },
        {
            "fiscalDateEnding": "2012-03-31",
            "reportedCurrency": "USD",
            "grossProfit": "302500000",
            "totalRevenue": "687900000",
            "costOfRevenue": "485800000",
            "costofGoodsAndServicesSold": "388100000",
            "operatingIncome": "142700000",
            "sellingGeneralAndAdministrative": "91800000",
            "researchAndDevelopment": "12600000",
            "operatingExpenses": "113000000",
            "investmentIncomeNet": "None",
            "netInterestIncome": "-2700000",
            "interestIncome": "None",
            "interestExpense": "2700000",
            "nonInterestIncome": "None",
            "otherNonOperatingIncome": "200000",
            "depreciation": "12800000",
            "depreciationAndAmortization": "5900000",
            "incomeBeforeTax": "143200000",
            "incomeTaxExpense": "47400000",
            "interestAndDebtExpense": "2700000",
            "netIncomeFromContinuingOperations": "98500000",
            "comprehensiveIncomeNetOfTax": "102500000",
            "ebit": "145900000",
            "ebitda": "151800000",
            "netIncome": "95800000"
        },
        {
            "fiscalDateEnding": "2011-12-31",
            "reportedCurrency": "USD",
            "grossProfit": "316500000",
            "totalRevenue": "731100000",
            "costOfRevenue": "514500000",
            "costofGoodsAndServicesSold": "414600000",
            "operatingIncome": "117400000",
            "sellingGeneralAndAdministrative": "93500000",
            "researchAndDevelopment": "15400000",
            "operatingExpenses": "107800000",
            "investmentIncomeNet": "None",
            "netInterestIncome": "-1200000",
            "interestIncome": "None",
            "interestExpense": "1200000",
            "nonInterestIncome": "None",
            "otherNonOperatingIncome": "-400000",
            "depreciation": "11500000",
            "depreciationAndAmortization": "6400000",
            "incomeBeforeTax": "118000000",
            "incomeTaxExpense": "54200000",
            "interestAndDebtExpense": "1200000",
            "netIncomeFromContinuingOperations": "119100000",
            "comprehensiveIncomeNetOfTax": "49800000",
            "ebit": "119200000",
            "ebitda": "125600000",
            "netIncome": "63800000"
        },
        {
            "fiscalDateEnding": "2011-09-30",
            "reportedCurrency": "USD",
            "grossProfit": "309900000",
            "totalRevenue": "698800000",
            "costOfRevenue": "489200000",
            "costofGoodsAndServicesSold": "391100000",
            "operatingIncome": "126300000",
            "sellingGeneralAndAdministrative": "91800000",
            "researchAndDevelopment": "14000000",
            "operatingExpenses": "115500000",
            "investmentIncomeNet": "None",
            "netInterestIncome": "-2200000",
            "interestIncome": "None",
            "interestExpense": "2200000",
            "nonInterestIncome": "None",
            "otherNonOperatingIncome": "-1600000",
            "depreciation": "12700000",
            "depreciationAndAmortization": "6300000",
            "incomeBeforeTax": "126000000",
            "incomeTaxExpense": "46400000",
            "interestAndDebtExpense": "2200000",
            "netIncomeFromContinuingOperations": "81800000",
            "comprehensiveIncomeNetOfTax": "65300000",
            "ebit": "128200000",
            "ebitda": "134500000",
            "netIncome": "79600000"
        },
        {
            "fiscalDateEnding": "2011-06-30",
            "reportedCurrency": "USD",
            "grossProfit": "300000000",
            "totalRevenue": "674900000",
            "costOfRevenue": "475900000",
            "costofGoodsAndServicesSold": "374900000",
            "operatingIncome": "117800000",
            "sellingGeneralAndAdministrative": "94700000",
            "researchAndDevelopment": "13100000",
            "operatingExpenses": "116700000",
            "investmentIncomeNet": "None",
            "netInterestIncome": "-2600000",
            "interestIncome": "None",
            "interestExpense": "2600000",
            "nonInterestIncome": "None",
            "otherNonOperatingIncome": "300000",
            "depreciation": "13000000",
            "depreciationAndAmortization": "6300000",
            "incomeBeforeTax": "119000000",
            "incomeTaxExpense": "36400000",
            "interestAndDebtExpense": "2600000",
            "netIncomeFromContinuingOperations": "121000000",
            "comprehensiveIncomeNetOfTax": "87800000",
            "ebit": "121600000",
            "ebitda": "127900000",
            "netIncome": "82600000"
        },
        {
            "fiscalDateEnding": "2011-03-31",
            "reportedCurrency": "USD",
            "grossProfit": "288100000",
            "totalRevenue": "642300000",
            "costOfRevenue": "354200000",
            "costofGoodsAndServicesSold": "354200000",
            "operatingIncome": "131100000",
            "sellingGeneralAndAdministrative": "87800000",
            "researchAndDevelopment": "12500000",
            "operatingExpenses": "157000000",
            "investmentIncomeNet": "None",
            "netInterestIncome": "None",
            "interestIncome": "None",
            "interestExpense": "2700000",
            "nonInterestIncome": "None",
            "otherNonOperatingIncome": "3200000",
            "depreciation": "None",
            "depreciationAndAmortization": "19400000",
            "incomeBeforeTax": "131600000",
            "incomeTaxExpense": "48000000",
            "interestAndDebtExpense": "None",
            "netIncomeFromContinuingOperations": "83600000",
            "comprehensiveIncomeNetOfTax": "None",
            "ebit": "133800000",
            "ebitda": "153200000",
            "netIncome": "83600000"
        },
        {
            "fiscalDateEnding": "2010-12-31",
            "reportedCurrency": "USD",
            "grossProfit": "292400000",
            "totalRevenue": "656900000",
            "costOfRevenue": "467094000",
            "costofGoodsAndServicesSold": "364455000",
            "operatingIncome": "80000000",
            "sellingGeneralAndAdministrative": "116300000",
            "researchAndDevelopment": "15100000",
            "operatingExpenses": "66497000",
            "investmentIncomeNet": "None",
            "netInterestIncome": "-6277000",
            "interestIncome": "23000",
            "interestExpense": "6300000",
            "nonInterestIncome": "-5481000",
            "otherNonOperatingIncome": "-4700000",
            "depreciation": "10200000",
            "depreciationAndAmortization": "6100000",
            "incomeBeforeTax": "70700000",
            "incomeTaxExpense": "23700000",
            "interestAndDebtExpense": "10758000",
            "netIncomeFromContinuingOperations": "81400000",
            "comprehensiveIncomeNetOfTax": "57200000",
            "ebit": "77000000",
            "ebitda": "83100000",
            "netIncome": "47000000"
        },
        {
            "fiscalDateEnding": "2010-09-30",
            "reportedCurrency": "USD",
            "grossProfit": "288900000",
            "totalRevenue": "648900000",
            "costOfRevenue": "459500000",
            "costofGoodsAndServicesSold": "367900000",
            "operatingIncome": "112900000",
            "sellingGeneralAndAdministrative": "85800000",
            "researchAndDevelopment": "13100000",
            "operatingExpenses": "114300000",
            "investmentIncomeNet": "None",
            "netInterestIncome": "-8000000",
            "interestIncome": "None",
            "interestExpense": "8000000",
            "nonInterestIncome": "None",
            "otherNonOperatingIncome": "-100000",
            "depreciation": "11300000",
            "depreciationAndAmortization": "5800000",
            "incomeBeforeTax": "105800000",
            "incomeTaxExpense": "36400000",
            "interestAndDebtExpense": "8000000",
            "netIncomeFromContinuingOperations": "77500000",
            "comprehensiveIncomeNetOfTax": "82700000",
            "ebit": "113800000",
            "ebitda": "119600000",
            "netIncome": "69400000"
        },
        {
            "fiscalDateEnding": "2010-06-30",
            "reportedCurrency": "USD",
            "grossProfit": "290900000",
            "totalRevenue": "635600000",
            "costOfRevenue": "444000000",
            "costofGoodsAndServicesSold": "350000000",
            "operatingIncome": "120000000",
            "sellingGeneralAndAdministrative": "88100000",
            "researchAndDevelopment": "13000000",
            "operatingExpenses": "118400000",
            "investmentIncomeNet": "None",
            "netInterestIncome": "-5300000",
            "interestIncome": "None",
            "interestExpense": "5300000",
            "nonInterestIncome": "None",
            "otherNonOperatingIncome": "0",
            "depreciation": "11300000",
            "depreciationAndAmortization": "5900000",
            "incomeBeforeTax": "116400000",
            "incomeTaxExpense": "42100000",
            "interestAndDebtExpense": "5300000",
            "netIncomeFromContinuingOperations": "79600000",
            "comprehensiveIncomeNetOfTax": "63600000",
            "ebit": "121700000",
            "ebitda": "127600000",
            "netIncome": "74300000"
        },
        {
            "fiscalDateEnding": "2010-03-31",
            "reportedCurrency": "USD",
            "grossProfit": "285500000",
            "totalRevenue": "634553000",
            "costOfRevenue": "349058000",
            "costofGoodsAndServicesSold": "349058000",
            "operatingIncome": "132000000",
            "sellingGeneralAndAdministrative": "84602000",
            "researchAndDevelopment": "12500000",
            "operatingExpenses": "153541000",
            "investmentIncomeNet": "None",
            "netInterestIncome": "None",
            "interestIncome": "None",
            "interestExpense": "8164000",
            "nonInterestIncome": "None",
            "otherNonOperatingIncome": "None",
            "depreciation": "None",
            "depreciationAndAmortization": "18185000",
            "incomeBeforeTax": "125349000",
            "incomeTaxExpense": "45376000",
            "interestAndDebtExpense": "None",
            "netIncomeFromContinuingOperations": "None",
            "comprehensiveIncomeNetOfTax": "None",
            "ebit": "133216000",
            "ebitda": "151401000",
            "netIncome": "80000000"
        },
        {
            "fiscalDateEnding": "2009-12-31",
            "reportedCurrency": "USD",
            "grossProfit": "285200000",
            "totalRevenue": "670779000",
            "costOfRevenue": "385583000",
            "costofGoodsAndServicesSold": "385583000",
            "operatingIncome": "91300000",
            "sellingGeneralAndAdministrative": "100571000",
            "researchAndDevelopment": "17900000",
            "operatingExpenses": "193867000",
            "investmentIncomeNet": "None",
            "netInterestIncome": "None",
            "interestIncome": "None",
            "interestExpense": "9012000",
            "nonInterestIncome": "None",
            "otherNonOperatingIncome": "-173000",
            "depreciation": "13427000",
            "depreciationAndAmortization": "20461000",
            "incomeBeforeTax": "85113000",
            "incomeTaxExpense": "32313000",
            "interestAndDebtExpense": "None",
            "netIncomeFromContinuingOperations": "None",
            "comprehensiveIncomeNetOfTax": "None",
            "ebit": "94125000",
            "ebitda": "114438000",
            "netIncome": "52800000"
        },
        {
            "fiscalDateEnding": "2009-09-30",
            "reportedCurrency": "USD",
            "grossProfit": "284900000",
            "totalRevenue": "646157000",
            "costOfRevenue": "361272000",
            "costofGoodsAndServicesSold": "361272000",
            "operatingIncome": "117900000",
            "sellingGeneralAndAdministrative": "86759000",
            "researchAndDevelopment": "12600000",
            "operatingExpenses": "166984000",
            "investmentIncomeNet": "None",
            "netInterestIncome": "None",
            "interestIncome": "None",
            "interestExpense": "8609000",
            "nonInterestIncome": "None",
            "otherNonOperatingIncome": "382000",
            "depreciation": "14161000",
            "depreciationAndAmortization": "21285000",
            "incomeBeforeTax": "112643000",
            "incomeTaxExpense": "42643000",
            "interestAndDebtExpense": "None",
            "netIncomeFromContinuingOperations": "None",
            "comprehensiveIncomeNetOfTax": "None",
            "ebit": "121252000",
            "ebitda": "141890000",
            "netIncome": "70000000"
        },
        {
            "fiscalDateEnding": "2009-06-30",
            "reportedCurrency": "USD",
            "grossProfit": "281600000",
            "totalRevenue": "623119000",
            "costOfRevenue": "341568000",
            "costofGoodsAndServicesSold": "341568000",
            "operatingIncome": "99000000",
            "sellingGeneralAndAdministrative": "88845000",
            "researchAndDevelopment": "13700000",
            "operatingExpenses": "182549000",
            "investmentIncomeNet": "None",
            "netInterestIncome": "None",
            "interestIncome": "None",
            "interestExpense": "9231000",
            "nonInterestIncome": "None",
            "otherNonOperatingIncome": "807000",
            "depreciation": "None",
            "depreciationAndAmortization": "21936000",
            "incomeBeforeTax": "95028000",
            "incomeTaxExpense": "36828000",
            "interestAndDebtExpense": "None",
            "netIncomeFromContinuingOperations": "None",
            "comprehensiveIncomeNetOfTax": "None",
            "ebit": "104259000",
            "ebitda": "107012000",
            "netIncome": "58200000"
        },
        {
            "fiscalDateEnding": "2009-03-31",
            "reportedCurrency": "USD",
            "grossProfit": "249300000",
            "totalRevenue": "580867000",
            "costOfRevenue": "331509000",
            "costofGoodsAndServicesSold": "331509000",
            "operatingIncome": "104700000",
            "sellingGeneralAndAdministrative": "78325000",
            "researchAndDevelopment": "10900000",
            "operatingExpenses": "144698000",
            "investmentIncomeNet": "None",
            "netInterestIncome": "None",
            "interestIncome": "None",
            "interestExpense": "8749000",
            "nonInterestIncome": "None",
            "otherNonOperatingIncome": "None",
            "depreciation": "None",
            "depreciationAndAmortization": "21670000",
            "incomeBeforeTax": "99492000",
            "incomeTaxExpense": "36916000",
            "interestAndDebtExpense": "None",
            "netIncomeFromContinuingOperations": "None",
            "comprehensiveIncomeNetOfTax": "None",
            "ebit": "104700000",
            "ebitda": "129035000",
            "netIncome": "62500000"
        }
    ]
}