{
    "symbol": "HD",
    "annualReports": [
        {
            "fiscalDateEnding": "2023-01-29",
            "reportedCurrency": "USD",
            "grossProfit": "52778000000",
            "totalRevenue": "157403000000",
            "costOfRevenue": "104625000000",
            "costofGoodsAndServicesSold": "104625000000",
            "operatingIncome": "24039000000",
            "sellingGeneralAndAdministrative": "26284000000",
            "researchAndDevelopment": "None",
            "operatingExpenses": "28739000000",
            "investmentIncomeNet": "None",
            "netInterestIncome": "-1617000000",
            "interestIncome": "55000000",
            "interestExpense": "1617000000",
            "nonInterestIncome": "157403000000",
            "otherNonOperatingIncome": "55000000",
            "depreciation": "2756000000",
            "depreciationAndAmortization": "2455000000",
            "incomeBeforeTax": "22477000000",
            "incomeTaxExpense": "5372000000",
            "interestAndDebtExpense": "1617000000",
            "netIncomeFromContinuingOperations": "17105000000",
            "comprehensiveIncomeNetOfTax": "17091000000",
            "ebit": "24094000000",
            "ebitda": "26549000000",
            "netIncome": "17105000000"
        },
        {
            "fiscalDateEnding": "2022-01-30",
            "reportedCurrency": "USD",
            "grossProfit": "50832000000",
            "totalRevenue": "151157000000",
            "costOfRevenue": "100325000000",
            "costofGoodsAndServicesSold": "100325000000",
            "operatingIncome": "23040000000",
            "sellingGeneralAndAdministrative": "25406000000",
            "researchAndDevelopment": "None",
            "operatingExpenses": "27792000000",
            "investmentIncomeNet": "None",
            "netInterestIncome": "-1347000000",
            "interestIncome": "44000000",
            "interestExpense": "1347000000",
            "nonInterestIncome": "151157000000",
            "otherNonOperatingIncome": "44000000",
            "depreciation": "2650000000",
            "depreciationAndAmortization": "2386000000",
            "incomeBeforeTax": "21737000000",
            "incomeTaxExpense": "5304000000",
            "interestAndDebtExpense": "1347000000",
            "netIncomeFromContinuingOperations": "16433000000",
            "comprehensiveIncomeNetOfTax": "16400000000",
            "ebit": "23084000000",
            "ebitda": "25470000000",
            "netIncome": "16433000000"
        },
        {
            "fiscalDateEnding": "2021-01-31",
            "reportedCurrency": "USD",
            "grossProfit": "44853000000",
            "totalRevenue": "132110000000",
            "costOfRevenue": "87257000000",
            "costofGoodsAndServicesSold": "87257000000",
            "operatingIncome": "18278000000",
            "sellingGeneralAndAdministrative": "24447000000",
            "researchAndDevelopment": "None",
            "operatingExpenses": "26575000000",
            "investmentIncomeNet": "None",
            "netInterestIncome": "-1347000000",
            "interestIncome": "47000000",
            "interestExpense": "1347000000",
            "nonInterestIncome": "132110000000",
            "otherNonOperatingIncome": "None",
            "depreciation": "2425000000",
            "depreciationAndAmortization": "2128000000",
            "incomeBeforeTax": "16978000000",
            "incomeTaxExpense": "4112000000",
            "interestAndDebtExpense": "1347000000",
            "netIncomeFromContinuingOperations": "12866000000",
            "comprehensiveIncomeNetOfTax": "12934000000",
            "ebit": "18325000000",
            "ebitda": "20453000000",
            "netIncome": "12866000000"
        },
        {
            "fiscalDateEnding": "2020-02-02",
            "reportedCurrency": "USD",
            "grossProfit": "37572000000",
            "totalRevenue": "110225000000",
            "costOfRevenue": "72653000000",
            "costofGoodsAndServicesSold": "72653000000",
            "operatingIncome": "15843000000",
            "sellingGeneralAndAdministrative": "19740000000",
            "researchAndDevelopment": "None",
            "operatingExpenses": "21729000000",
            "investmentIncomeNet": "None",
            "netInterestIncome": "-1201000000",
            "interestIncome": "73000000",
            "interestExpense": "1201000000",
            "nonInterestIncome": "110225000000",
            "otherNonOperatingIncome": "73000000",
            "depreciation": "2223000000",
            "depreciationAndAmortization": "1989000000",
            "incomeBeforeTax": "14715000000",
            "incomeTaxExpense": "3473000000",
            "interestAndDebtExpense": "1201000000",
            "netIncomeFromContinuingOperations": "11242000000",
            "comprehensiveIncomeNetOfTax": "11306000000",
            "ebit": "15916000000",
            "ebitda": "17905000000",
            "netIncome": "11242000000"
        },
        {
            "fiscalDateEnding": "2019-02-03",
            "reportedCurrency": "USD",
            "grossProfit": "37160000000",
            "totalRevenue": "108203000000",
            "costOfRevenue": "71043000000",
            "costofGoodsAndServicesSold": "71043000000",
            "operatingIncome": "15530000000",
            "sellingGeneralAndAdministrative": "19513000000",
            "researchAndDevelopment": "None",
            "operatingExpenses": "21630000000",
            "investmentIncomeNet": "None",
            "netInterestIncome": "-1051000000",
            "interestIncome": "93000000",
            "interestExpense": "1051000000",
            "nonInterestIncome": "108203000000",
            "otherNonOperatingIncome": "77000000",
            "depreciation": "2076000000",
            "depreciationAndAmortization": "1870000000",
            "incomeBeforeTax": "14556000000",
            "incomeTaxExpense": "3435000000",
            "interestAndDebtExpense": "1051000000",
            "netIncomeFromContinuingOperations": "11121000000",
            "comprehensiveIncomeNetOfTax": "10915000000",
            "ebit": "15607000000",
            "ebitda": "17477000000",
            "netIncome": "11121000000"
        }
    ],
    "quarterlyReports": [
        {
            "fiscalDateEnding": "2023-07-30",
            "reportedCurrency": "USD",
            "grossProfit": "14157000000",
            "totalRevenue": "42916000000",
            "costOfRevenue": "28759000000",
            "costofGoodsAndServicesSold": "28759000000",
            "operatingIncome": "6589000000",
            "sellingGeneralAndAdministrative": "6915000000",
            "researchAndDevelopment": "None",
            "operatingExpenses": "7568000000",
            "investmentIncomeNet": "41000000",
            "netInterestIncome": "-469000000",
            "interestIncome": "428000000",
            "interestExpense": "469000000",
            "nonInterestIncome": "42916000000",
            "otherNonOperatingIncome": "41000000",
            "depreciation": "None",
            "depreciationAndAmortization": "653000000",
            "incomeBeforeTax": "6161000000",
            "incomeTaxExpense": "1502000000",
            "interestAndDebtExpense": "469000000",
            "netIncomeFromContinuingOperations": "4659000000",
            "comprehensiveIncomeNetOfTax": "4829000000",
            "ebit": "6630000000",
            "ebitda": "7283000000",
            "netIncome": "4659000000"
        },
        {
            "fiscalDateEnding": "2023-04-30",
            "reportedCurrency": "USD",
            "grossProfit": "12557000000",
            "totalRevenue": "37257000000",
            "costOfRevenue": "24700000000",
            "costofGoodsAndServicesSold": "24700000000",
            "operatingIncome": "5551000000",
            "sellingGeneralAndAdministrative": "6355000000",
            "researchAndDevelopment": "None",
            "operatingExpenses": "7006000000",
            "investmentIncomeNet": "33000000",
            "netInterestIncome": "-474000000",
            "interestIncome": "441000000",
            "interestExpense": "474000000",
            "nonInterestIncome": "37257000000",
            "otherNonOperatingIncome": "33000000",
            "depreciation": "None",
            "depreciationAndAmortization": "651000000",
            "incomeBeforeTax": "5110000000",
            "incomeTaxExpense": "1237000000",
            "interestAndDebtExpense": "474000000",
            "netIncomeFromContinuingOperations": "3873000000",
            "comprehensiveIncomeNetOfTax": "3954000000",
            "ebit": "5584000000",
            "ebitda": "6235000000",
            "netIncome": "3873000000"
        },
        {
            "fiscalDateEnding": "2023-01-29",
            "reportedCurrency": "USD",
            "grossProfit": "11926000000",
            "totalRevenue": "35831000000",
            "costOfRevenue": "23905000000",
            "costofGoodsAndServicesSold": "23905000000",
            "operatingIncome": "4752000000",
            "sellingGeneralAndAdministrative": "6549000000",
            "researchAndDevelopment": "None",
            "operatingExpenses": "7174000000",
            "investmentIncomeNet": "None",
            "netInterestIncome": "-451000000",
            "interestIncome": "43000000",
            "interestExpense": "451000000",
            "nonInterestIncome": "35831000000",
            "otherNonOperatingIncome": "43000000",
            "depreciation": "None",
            "depreciationAndAmortization": "625000000",
            "incomeBeforeTax": "4344000000",
            "incomeTaxExpense": "982000000",
            "interestAndDebtExpense": "451000000",
            "netIncomeFromContinuingOperations": "3362000000",
            "comprehensiveIncomeNetOfTax": "3500000000",
            "ebit": "4795000000",
            "ebitda": "5420000000",
            "netIncome": "3362000000"
        },
        {
            "fiscalDateEnding": "2022-10-30",
            "reportedCurrency": "USD",
            "grossProfit": "13224000000",
            "totalRevenue": "38872000000",
            "costOfRevenue": "25648000000",
            "costofGoodsAndServicesSold": "25648000000",
            "operatingIncome": "6148000000",
            "sellingGeneralAndAdministrative": "6468000000",
            "researchAndDevelopment": "None",
            "operatingExpenses": "7076000000",
            "investmentIncomeNet": "7000000",
            "netInterestIncome": "-413000000",
            "interestIncome": "406000000",
            "interestExpense": "413000000",
            "nonInterestIncome": "38872000000",
            "otherNonOperatingIncome": "7000000",
            "depreciation": "None",
            "depreciationAndAmortization": "608000000",
            "incomeBeforeTax": "5742000000",
            "incomeTaxExpense": "1403000000",
            "interestAndDebtExpense": "413000000",
            "netIncomeFromContinuingOperations": "4339000000",
            "comprehensiveIncomeNetOfTax": "4155000000",
            "ebit": "6155000000",
            "ebitda": "6763000000",
            "netIncome": "4339000000"
        },
        {
            "fiscalDateEnding": "2022-07-31",
            "reportedCurrency": "USD",
            "grossProfit": "14483000000",
            "totalRevenue": "43792000000",
            "costOfRevenue": "29309000000",
            "costofGoodsAndServicesSold": "29309000000",
            "operatingIncome": "7210000000",
            "sellingGeneralAndAdministrative": "6657000000",
            "researchAndDevelopment": "None",
            "operatingExpenses": "7273000000",
            "investmentIncomeNet": "2000000",
            "netInterestIncome": "-381000000",
            "interestIncome": "2000000",
            "interestExpense": "381000000",
            "nonInterestIncome": "43792000000",
            "otherNonOperatingIncome": "2000000",
            "depreciation": "None",
            "depreciationAndAmortization": "616000000",
            "incomeBeforeTax": "6831000000",
            "incomeTaxExpense": "1658000000",
            "interestAndDebtExpense": "381000000",
            "netIncomeFromContinuingOperations": "5173000000",
            "comprehensiveIncomeNetOfTax": "5184000000",
            "ebit": "7212000000",
            "ebitda": "7828000000",
            "netIncome": "5173000000"
        },
        {
            "fiscalDateEnding": "2022-05-01",
            "reportedCurrency": "USD",
            "grossProfit": "13145000000",
            "totalRevenue": "38908000000",
            "costOfRevenue": "25763000000",
            "costofGoodsAndServicesSold": "25763000000",
            "operatingIncome": "5929000000",
            "sellingGeneralAndAdministrative": "6610000000",
            "researchAndDevelopment": "None",
            "operatingExpenses": "7216000000",
            "investmentIncomeNet": "3000000",
            "netInterestIncome": "-372000000",
            "interestIncome": "3000000",
            "interestExpense": "372000000",
            "nonInterestIncome": "38908000000",
            "otherNonOperatingIncome": "3000000",
            "depreciation": "None",
            "depreciationAndAmortization": "606000000",
            "incomeBeforeTax": "5560000000",
            "incomeTaxExpense": "1329000000",
            "interestAndDebtExpense": "372000000",
            "netIncomeFromContinuingOperations": "4231000000",
            "comprehensiveIncomeNetOfTax": "4252000000",
            "ebit": "5932000000",
            "ebitda": "6538000000",
            "netIncome": "4231000000"
        },
        {
            "fiscalDateEnding": "2022-01-30",
            "reportedCurrency": "USD",
            "grossProfit": "11862000000",
            "totalRevenue": "35719000000",
            "costOfRevenue": "23857000000",
            "costofGoodsAndServicesSold": "23857000000",
            "operatingIncome": "4825000000",
            "sellingGeneralAndAdministrative": "6431000000",
            "researchAndDevelopment": "None",
            "operatingExpenses": "7037000000",
            "investmentIncomeNet": "None",
            "netInterestIncome": "-341000000",
            "interestIncome": "18000000",
            "interestExpense": "341000000",
            "nonInterestIncome": "35719000000",
            "otherNonOperatingIncome": "None",
            "depreciation": "None",
            "depreciationAndAmortization": "606000000",
            "incomeBeforeTax": "4502000000",
            "incomeTaxExpense": "1150000000",
            "interestAndDebtExpense": "341000000",
            "netIncomeFromContinuingOperations": "3352000000",
            "comprehensiveIncomeNetOfTax": "3250000000",
            "ebit": "4843000000",
            "ebitda": "5449000000",
            "netIncome": "3352000000"
        },
        {
            "fiscalDateEnding": "2021-10-31",
            "reportedCurrency": "USD",
            "grossProfit": "12563000000",
            "totalRevenue": "36820000000",
            "costOfRevenue": "24257000000",
            "costofGoodsAndServicesSold": "24257000000",
            "operatingIncome": "5795000000",
            "sellingGeneralAndAdministrative": "6168000000",
            "researchAndDevelopment": "None",
            "operatingExpenses": "6768000000",
            "investmentIncomeNet": "15000000",
            "netInterestIncome": "-341000000",
            "interestIncome": "15000000",
            "interestExpense": "341000000",
            "nonInterestIncome": "36820000000",
            "otherNonOperatingIncome": "None",
            "depreciation": "None",
            "depreciationAndAmortization": "600000000",
            "incomeBeforeTax": "5469000000",
            "incomeTaxExpense": "1340000000",
            "interestAndDebtExpense": "341000000",
            "netIncomeFromContinuingOperations": "4129000000",
            "comprehensiveIncomeNetOfTax": "4112000000",
            "ebit": "5810000000",
            "ebitda": "6410000000",
            "netIncome": "4129000000"
        },
        {
            "fiscalDateEnding": "2021-08-01",
            "reportedCurrency": "USD",
            "grossProfit": "13665000000",
            "totalRevenue": "41118000000",
            "costOfRevenue": "27453000000",
            "costofGoodsAndServicesSold": "27453000000",
            "operatingIncome": "6639000000",
            "sellingGeneralAndAdministrative": "6433000000",
            "researchAndDevelopment": "None",
            "operatingExpenses": "7026000000",
            "investmentIncomeNet": "5000000",
            "netInterestIncome": "-326000000",
            "interestIncome": "5000000",
            "interestExpense": "326000000",
            "nonInterestIncome": "41118000000",
            "otherNonOperatingIncome": "None",
            "depreciation": "None",
            "depreciationAndAmortization": "593000000",
            "incomeBeforeTax": "6318000000",
            "incomeTaxExpense": "1511000000",
            "interestAndDebtExpense": "326000000",
            "netIncomeFromContinuingOperations": "4807000000",
            "comprehensiveIncomeNetOfTax": "4830000000",
            "ebit": "6644000000",
            "ebitda": "7237000000",
            "netIncome": "4807000000"
        },
        {
            "fiscalDateEnding": "2021-05-02",
            "reportedCurrency": "USD",
            "grossProfit": "12742000000",
            "totalRevenue": "37500000000",
            "costOfRevenue": "24758000000",
            "costofGoodsAndServicesSold": "24758000000",
            "operatingIncome": "5781000000",
            "sellingGeneralAndAdministrative": "6374000000",
            "researchAndDevelopment": "None",
            "operatingExpenses": "6961000000",
            "investmentIncomeNet": "6000000",
            "netInterestIncome": "-339000000",
            "interestIncome": "6000000",
            "interestExpense": "339000000",
            "nonInterestIncome": "37500000000",
            "otherNonOperatingIncome": "None",
            "depreciation": "None",
            "depreciationAndAmortization": "587000000",
            "incomeBeforeTax": "5448000000",
            "incomeTaxExpense": "1303000000",
            "interestAndDebtExpense": "339000000",
            "netIncomeFromContinuingOperations": "4145000000",
            "comprehensiveIncomeNetOfTax": "4208000000",
            "ebit": "5787000000",
            "ebitda": "6374000000",
            "netIncome": "4145000000"
        },
        {
            "fiscalDateEnding": "2021-01-31",
            "reportedCurrency": "USD",
            "grossProfit": "10831000000",
            "totalRevenue": "32261000000",
            "costOfRevenue": "21430000000",
            "costofGoodsAndServicesSold": "21430000000",
            "operatingIncome": "4083000000",
            "sellingGeneralAndAdministrative": "6187000000",
            "researchAndDevelopment": "None",
            "operatingExpenses": "6748000000",
            "investmentIncomeNet": "None",
            "netInterestIncome": "-337000000",
            "interestIncome": "6000000",
            "interestExpense": "337000000",
            "nonInterestIncome": "32261000000",
            "otherNonOperatingIncome": "None",
            "depreciation": "None",
            "depreciationAndAmortization": "561000000",
            "incomeBeforeTax": "3756000000",
            "incomeTaxExpense": "899000000",
            "interestAndDebtExpense": "337000000",
            "netIncomeFromContinuingOperations": "2857000000",
            "comprehensiveIncomeNetOfTax": "3151000000",
            "ebit": "4093000000",
            "ebitda": "4654000000",
            "netIncome": "2857000000"
        },
        {
            "fiscalDateEnding": "2020-11-01",
            "reportedCurrency": "USD",
            "grossProfit": "11456000000",
            "totalRevenue": "33536000000",
            "costOfRevenue": "22080000000",
            "costofGoodsAndServicesSold": "22080000000",
            "operatingIncome": "4852000000",
            "sellingGeneralAndAdministrative": "6076000000",
            "researchAndDevelopment": "None",
            "operatingExpenses": "6604000000",
            "investmentIncomeNet": "None",
            "netInterestIncome": "-340000000",
            "interestIncome": "329000000",
            "interestExpense": "340000000",
            "nonInterestIncome": "33536000000",
            "otherNonOperatingIncome": "11000000",
            "depreciation": "None",
            "depreciationAndAmortization": "528000000",
            "incomeBeforeTax": "4523000000",
            "incomeTaxExpense": "1091000000",
            "interestAndDebtExpense": "340000000",
            "netIncomeFromContinuingOperations": "3432000000",
            "comprehensiveIncomeNetOfTax": "3479000000",
            "ebit": "4863000000",
            "ebitda": "5391000000",
            "netIncome": "3432000000"
        },
        {
            "fiscalDateEnding": "2020-08-02",
            "reportedCurrency": "USD",
            "grossProfit": "12941000000",
            "totalRevenue": "38053000000",
            "costOfRevenue": "25112000000",
            "costofGoodsAndServicesSold": "25112000000",
            "operatingIncome": "6067000000",
            "sellingGeneralAndAdministrative": "6355000000",
            "researchAndDevelopment": "None",
            "operatingExpenses": "6874000000",
            "investmentIncomeNet": "None",
            "netInterestIncome": "-346000000",
            "interestIncome": "17000000",
            "interestExpense": "346000000",
            "nonInterestIncome": "38053000000",
            "otherNonOperatingIncome": "17000000",
            "depreciation": "None",
            "depreciationAndAmortization": "519000000",
            "incomeBeforeTax": "5730000000",
            "incomeTaxExpense": "1398000000",
            "interestAndDebtExpense": "346000000",
            "netIncomeFromContinuingOperations": "4332000000",
            "comprehensiveIncomeNetOfTax": "4468000000",
            "ebit": "6076000000",
            "ebitda": "6595000000",
            "netIncome": "4332000000"
        },
        {
            "fiscalDateEnding": "2020-05-03",
            "reportedCurrency": "USD",
            "grossProfit": "9625000000",
            "totalRevenue": "28260000000",
            "costOfRevenue": "18635000000",
            "costofGoodsAndServicesSold": "18635000000",
            "operatingIncome": "3276000000",
            "sellingGeneralAndAdministrative": "5829000000",
            "researchAndDevelopment": "None",
            "operatingExpenses": "6349000000",
            "investmentIncomeNet": "None",
            "netInterestIncome": "-324000000",
            "interestIncome": "None",
            "interestExpense": "324000000",
            "nonInterestIncome": "28260000000",
            "otherNonOperatingIncome": "None",
            "depreciation": "None",
            "depreciationAndAmortization": "520000000",
            "incomeBeforeTax": "2969000000",
            "incomeTaxExpense": "724000000",
            "interestAndDebtExpense": "324000000",
            "netIncomeFromContinuingOperations": "2245000000",
            "comprehensiveIncomeNetOfTax": "1836000000",
            "ebit": "3293000000",
            "ebitda": "3813000000",
            "netIncome": "2245000000"
        },
        {
            "fiscalDateEnding": "2020-02-02",
            "reportedCurrency": "USD",
            "grossProfit": "8736000000",
            "totalRevenue": "25782000000",
            "costOfRevenue": "17046000000",
            "costofGoodsAndServicesSold": "17046000000",
            "operatingIncome": "3403000000",
            "sellingGeneralAndAdministrative": "4814000000",
            "researchAndDevelopment": "None",
            "operatingExpenses": "5333000000",
            "investmentIncomeNet": "None",
            "netInterestIncome": "-309000000",
            "interestIncome": "292000000",
            "interestExpense": "309000000",
            "nonInterestIncome": "25782000000",
            "otherNonOperatingIncome": "None",
            "depreciation": "None",
            "depreciationAndAmortization": "519000000",
            "incomeBeforeTax": "3111000000",
            "incomeTaxExpense": "630000000",
            "interestAndDebtExpense": "309000000",
            "netIncomeFromContinuingOperations": "2481000000",
            "comprehensiveIncomeNetOfTax": "2543000000",
            "ebit": "3420000000",
            "ebitda": "3939000000",
            "netIncome": "2481000000"
        },
        {
            "fiscalDateEnding": "2019-11-03",
            "reportedCurrency": "USD",
            "grossProfit": "9387000000",
            "totalRevenue": "27223000000",
            "costOfRevenue": "17836000000",
            "costofGoodsAndServicesSold": "17836000000",
            "operatingIncome": "3947000000",
            "sellingGeneralAndAdministrative": "4942000000",
            "researchAndDevelopment": "None",
            "operatingExpenses": "5440000000",
            "investmentIncomeNet": "None",
            "netInterestIncome": "-302000000",
            "interestIncome": "280000000",
            "interestExpense": "302000000",
            "nonInterestIncome": "27223000000",
            "otherNonOperatingIncome": "19000000",
            "depreciation": "None",
            "depreciationAndAmortization": "498000000",
            "incomeBeforeTax": "3667000000",
            "incomeTaxExpense": "898000000",
            "interestAndDebtExpense": "302000000",
            "netIncomeFromContinuingOperations": "9387000000",
            "comprehensiveIncomeNetOfTax": "2744000000",
            "ebit": "3969000000",
            "ebitda": "4467000000",
            "netIncome": "2769000000"
        },
        {
            "fiscalDateEnding": "2019-08-04",
            "reportedCurrency": "USD",
            "grossProfit": "10432000000",
            "totalRevenue": "30839000000",
            "costOfRevenue": "20407000000",
            "costofGoodsAndServicesSold": "20407000000",
            "operatingIncome": "4896000000",
            "sellingGeneralAndAdministrative": "5044000000",
            "researchAndDevelopment": "None",
            "operatingExpenses": "5536000000",
            "investmentIncomeNet": "None",
            "netInterestIncome": "-302000000",
            "interestIncome": "19000000",
            "interestExpense": "302000000",
            "nonInterestIncome": "30839000000",
            "otherNonOperatingIncome": "15000000",
            "depreciation": "None",
            "depreciationAndAmortization": "492000000",
            "incomeBeforeTax": "4613000000",
            "incomeTaxExpense": "1134000000",
            "interestAndDebtExpense": "302000000",
            "netIncomeFromContinuingOperations": "10432000000",
            "comprehensiveIncomeNetOfTax": "3538000000",
            "ebit": "4915000000",
            "ebitda": "5407000000",
            "netIncome": "3479000000"
        },
        {
            "fiscalDateEnding": "2019-05-05",
            "reportedCurrency": "USD",
            "grossProfit": "9017000000",
            "totalRevenue": "26381000000",
            "costOfRevenue": "17364000000",
            "costofGoodsAndServicesSold": "17364000000",
            "operatingIncome": "3597000000",
            "sellingGeneralAndAdministrative": "4940000000",
            "researchAndDevelopment": "None",
            "operatingExpenses": "5420000000",
            "investmentIncomeNet": "None",
            "netInterestIncome": "-288000000",
            "interestIncome": "None",
            "interestExpense": "288000000",
            "nonInterestIncome": "26381000000",
            "otherNonOperatingIncome": "None",
            "depreciation": "None",
            "depreciationAndAmortization": "480000000",
            "incomeBeforeTax": "3324000000",
            "incomeTaxExpense": "811000000",
            "interestAndDebtExpense": "288000000",
            "netIncomeFromContinuingOperations": "9017000000",
            "comprehensiveIncomeNetOfTax": "2481000000",
            "ebit": "3612000000",
            "ebitda": "4092000000",
            "netIncome": "2513000000"
        },
        {
            "fiscalDateEnding": "2019-02-03",
            "reportedCurrency": "USD",
            "grossProfit": "9027000000",
            "totalRevenue": "26491000000",
            "costOfRevenue": "17464000000",
            "costofGoodsAndServicesSold": "17464000000",
            "operatingIncome": "3378000000",
            "sellingGeneralAndAdministrative": "4922000000",
            "researchAndDevelopment": "None",
            "operatingExpenses": "5649000000",
            "investmentIncomeNet": "None",
            "netInterestIncome": "-269000000",
            "interestIncome": "None",
            "interestExpense": "269000000",
            "nonInterestIncome": "26491000000",
            "otherNonOperatingIncome": "4000000",
            "depreciation": "None",
            "depreciationAndAmortization": "480000000",
            "incomeBeforeTax": "3113000000",
            "incomeTaxExpense": "769000000",
            "interestAndDebtExpense": "269000000",
            "netIncomeFromContinuingOperations": "9027000000",
            "comprehensiveIncomeNetOfTax": "2289000000",
            "ebit": "3382000000",
            "ebitda": "3862000000",
            "netIncome": "2344000000"
        },
        {
            "fiscalDateEnding": "2018-10-28",
            "reportedCurrency": "USD",
            "grossProfit": "9151000000",
            "totalRevenue": "26302000000",
            "costOfRevenue": "17151000000",
            "costofGoodsAndServicesSold": "17151000000",
            "operatingIncome": "3870000000",
            "sellingGeneralAndAdministrative": "4808000000",
            "researchAndDevelopment": "None",
            "operatingExpenses": "5281000000",
            "investmentIncomeNet": "None",
            "netInterestIncome": "-249000000",
            "interestIncome": "None",
            "interestExpense": "249000000",
            "nonInterestIncome": "26302000000",
            "otherNonOperatingIncome": "4000000",
            "depreciation": "None",
            "depreciationAndAmortization": "473000000",
            "incomeBeforeTax": "3646000000",
            "incomeTaxExpense": "779000000",
            "interestAndDebtExpense": "249000000",
            "netIncomeFromContinuingOperations": "2867000000",
            "comprehensiveIncomeNetOfTax": "2924000000",
            "ebit": "3895000000",
            "ebitda": "4368000000",
            "netIncome": "2867000000"
        }
    ]
}