{
    "symbol": "FAST",
    "annualReports": [
        {
            "fiscalDateEnding": "2022-12-31",
            "reportedCurrency": "USD",
            "grossProfit": "3215800000",
            "totalRevenue": "6965200000",
            "costOfRevenue": "5537700000",
            "costofGoodsAndServicesSold": "3764800000",
            "operatingIncome": "1453600000",
            "sellingGeneralAndAdministrative": "1762200000",
            "researchAndDevelopment": "None",
            "operatingExpenses": "1772200000",
            "investmentIncomeNet": "None",
            "netInterestIncome": "-14300000",
            "interestIncome": "700000",
            "interestExpense": "14300000",
            "nonInterestIncome": "6979500000",
            "otherNonOperatingIncome": "700000",
            "depreciation": "165900000",
            "depreciationAndAmortization": "10700000",
            "incomeBeforeTax": "1440000000",
            "incomeTaxExpense": "353100000",
            "interestAndDebtExpense": "14300000",
            "netIncomeFromContinuingOperations": "1086900000",
            "comprehensiveIncomeNetOfTax": "1052800000",
            "ebit": "1454300000",
            "ebitda": "1465000000",
            "netIncome": "1086900000"
        },
        {
            "fiscalDateEnding": "2021-12-31",
            "reportedCurrency": "USD",
            "grossProfit": "2777200000",
            "totalRevenue": "6002300000",
            "costOfRevenue": "4804300000",
            "costofGoodsAndServicesSold": "3233700000",
            "operatingIncome": "1217400000",
            "sellingGeneralAndAdministrative": "1559800000",
            "researchAndDevelopment": "None",
            "operatingExpenses": "1572000000",
            "investmentIncomeNet": "None",
            "netInterestIncome": "-9700000",
            "interestIncome": "100000",
            "interestExpense": "9700000",
            "nonInterestIncome": "6012000000",
            "otherNonOperatingIncome": "100000",
            "depreciation": "159900000",
            "depreciationAndAmortization": "10800000",
            "incomeBeforeTax": "1207800000",
            "incomeTaxExpense": "282800000",
            "interestAndDebtExpense": "9700000",
            "netIncomeFromContinuingOperations": "925000000",
            "comprehensiveIncomeNetOfTax": "915500000",
            "ebit": "1217500000",
            "ebitda": "1228300000",
            "netIncome": "925000000"
        },
        {
            "fiscalDateEnding": "2020-12-31",
            "reportedCurrency": "USD",
            "grossProfit": "2567800000",
            "totalRevenue": "5639000000",
            "costOfRevenue": "4516000000",
            "costofGoodsAndServicesSold": "3079500000",
            "operatingIncome": "1141800000",
            "sellingGeneralAndAdministrative": "1426000000",
            "researchAndDevelopment": "None",
            "operatingExpenses": "1442600000",
            "investmentIncomeNet": "None",
            "netInterestIncome": "-9700000",
            "interestIncome": "600000",
            "interestExpense": "9700000",
            "nonInterestIncome": "5648700000",
            "otherNonOperatingIncome": "600000",
            "depreciation": "153300000",
            "depreciationAndAmortization": "9100000",
            "incomeBeforeTax": "1132700000",
            "incomeTaxExpense": "273600000",
            "interestAndDebtExpense": "9700000",
            "netIncomeFromContinuingOperations": "859100000",
            "comprehensiveIncomeNetOfTax": "876300000",
            "ebit": "1142400000",
            "ebitda": "1151500000",
            "netIncome": "859100000"
        },
        {
            "fiscalDateEnding": "2019-12-31",
            "reportedCurrency": "USD",
            "grossProfit": "2515400000",
            "totalRevenue": "5321000000",
            "costOfRevenue": "4281800000",
            "costofGoodsAndServicesSold": "2818300000",
            "operatingIncome": "1057200000",
            "sellingGeneralAndAdministrative": "1458200000",
            "researchAndDevelopment": "None",
            "operatingExpenses": "1467800000",
            "investmentIncomeNet": "None",
            "netInterestIncome": "-13900000",
            "interestIncome": "400000",
            "interestExpense": "13900000",
            "nonInterestIncome": "5334900000",
            "otherNonOperatingIncome": "400000",
            "depreciation": "144600000",
            "depreciationAndAmortization": "4100000",
            "incomeBeforeTax": "1043700000",
            "incomeTaxExpense": "252800000",
            "interestAndDebtExpense": "13900000",
            "netIncomeFromContinuingOperations": "790900000",
            "comprehensiveIncomeNetOfTax": "797300000",
            "ebit": "1057600000",
            "ebitda": "1061700000",
            "netIncome": "790900000"
        },
        {
            "fiscalDateEnding": "2018-12-31",
            "reportedCurrency": "USD",
            "grossProfit": "2398900000",
            "totalRevenue": "4953000000",
            "costOfRevenue": "3970500000",
            "costofGoodsAndServicesSold": "2566200000",
            "operatingIncome": "999200000",
            "sellingGeneralAndAdministrative": "1400200000",
            "researchAndDevelopment": "None",
            "operatingExpenses": "1411900000",
            "investmentIncomeNet": "None",
            "netInterestIncome": "-12600000",
            "interestIncome": "400000",
            "interestExpense": "12600000",
            "nonInterestIncome": "4965600000",
            "otherNonOperatingIncome": "400000",
            "depreciation": "134100000",
            "depreciationAndAmortization": "4100000",
            "incomeBeforeTax": "987000000",
            "incomeTaxExpense": "235100000",
            "interestAndDebtExpense": "12600000",
            "netIncomeFromContinuingOperations": "751900000",
            "comprehensiveIncomeNetOfTax": "732200000",
            "ebit": "999600000",
            "ebitda": "1003700000",
            "netIncome": "751900000"
        }
    ],
    "quarterlyReports": [
        {
            "fiscalDateEnding": "2023-06-30",
            "reportedCurrency": "USD",
            "grossProfit": "857500000",
            "totalRevenue": "1880800000",
            "costOfRevenue": "1490900000",
            "costofGoodsAndServicesSold": "1025600000",
            "operatingIncome": "394900000",
            "sellingGeneralAndAdministrative": "462600000",
            "researchAndDevelopment": "None",
            "operatingExpenses": "466300000",
            "investmentIncomeNet": "None",
            "netInterestIncome": "-2900000",
            "interestIncome": "600000",
            "interestExpense": "2900000",
            "nonInterestIncome": "1883700000",
            "otherNonOperatingIncome": "600000",
            "depreciation": "42200000",
            "depreciationAndAmortization": "2700000",
            "incomeBeforeTax": "392600000",
            "incomeTaxExpense": "94600000",
            "interestAndDebtExpense": "2900000",
            "netIncomeFromContinuingOperations": "298000000",
            "comprehensiveIncomeNetOfTax": "301600000",
            "ebit": "395500000",
            "ebitda": "398200000",
            "netIncome": "298000000"
        },
        {
            "fiscalDateEnding": "2023-03-31",
            "reportedCurrency": "USD",
            "grossProfit": "850000000",
            "totalRevenue": "1855800000",
            "costOfRevenue": "1468600000",
            "costofGoodsAndServicesSold": "1009100000",
            "operatingIncome": "393200000",
            "sellingGeneralAndAdministrative": "456800000",
            "researchAndDevelopment": "None",
            "operatingExpenses": "457500000",
            "investmentIncomeNet": "None",
            "netInterestIncome": "-3900000",
            "interestIncome": "400000",
            "interestExpense": "3900000",
            "nonInterestIncome": "1859700000",
            "otherNonOperatingIncome": "400000",
            "depreciation": "41800000",
            "depreciationAndAmortization": "2700000",
            "incomeBeforeTax": "389700000",
            "incomeTaxExpense": "94600000",
            "interestAndDebtExpense": "3900000",
            "netIncomeFromContinuingOperations": "295100000",
            "comprehensiveIncomeNetOfTax": "299400000",
            "ebit": "393600000",
            "ebitda": "396300000",
            "netIncome": "295100000"
        },
        {
            "fiscalDateEnding": "2022-12-31",
            "reportedCurrency": "USD",
            "grossProfit": "768400000",
            "totalRevenue": "1690700000",
            "costOfRevenue": "1365300000",
            "costofGoodsAndServicesSold": "927200000",
            "operatingIncome": "332900000",
            "sellingGeneralAndAdministrative": "435500000",
            "researchAndDevelopment": "None",
            "operatingExpenses": "437100000",
            "investmentIncomeNet": "None",
            "netInterestIncome": "-5000000",
            "interestIncome": "300000",
            "interestExpense": "5000000",
            "nonInterestIncome": "1695700000",
            "otherNonOperatingIncome": "300000",
            "depreciation": "42100000",
            "depreciationAndAmortization": "2600000",
            "incomeBeforeTax": "328200000",
            "incomeTaxExpense": "82600000",
            "interestAndDebtExpense": "5000000",
            "netIncomeFromContinuingOperations": "245600000",
            "comprehensiveIncomeNetOfTax": "267900000",
            "ebit": "333200000",
            "ebitda": "335800000",
            "netIncome": "245600000"
        },
        {
            "fiscalDateEnding": "2022-09-30",
            "reportedCurrency": "USD",
            "grossProfit": "826500000",
            "totalRevenue": "1799400000",
            "costOfRevenue": "1425900000",
            "costofGoodsAndServicesSold": "975900000",
            "operatingIncome": "379200000",
            "sellingGeneralAndAdministrative": "447300000",
            "researchAndDevelopment": "None",
            "operatingExpenses": "447600000",
            "investmentIncomeNet": "None",
            "netInterestIncome": "-4100000",
            "interestIncome": "200000",
            "interestExpense": "4100000",
            "nonInterestIncome": "1803500000",
            "otherNonOperatingIncome": "200000",
            "depreciation": "41400000",
            "depreciationAndAmortization": "2700000",
            "incomeBeforeTax": "375300000",
            "incomeTaxExpense": "90700000",
            "interestAndDebtExpense": "4100000",
            "netIncomeFromContinuingOperations": "284600000",
            "comprehensiveIncomeNetOfTax": "251900000",
            "ebit": "379400000",
            "ebitda": "382100000",
            "netIncome": "284600000"
        },
        {
            "fiscalDateEnding": "2022-06-30",
            "reportedCurrency": "USD",
            "grossProfit": "827600000",
            "totalRevenue": "1777000000",
            "costOfRevenue": "1397900000",
            "costofGoodsAndServicesSold": "951000000",
            "operatingIncome": "383400000",
            "sellingGeneralAndAdministrative": "444200000",
            "researchAndDevelopment": "None",
            "operatingExpenses": "446400000",
            "investmentIncomeNet": "None",
            "netInterestIncome": "-2800000",
            "interestIncome": "100000",
            "interestExpense": "2800000",
            "nonInterestIncome": "1779800000",
            "otherNonOperatingIncome": "100000",
            "depreciation": "41200000",
            "depreciationAndAmortization": "2700000",
            "incomeBeforeTax": "380700000",
            "incomeTaxExpense": "93600000",
            "interestAndDebtExpense": "2800000",
            "netIncomeFromContinuingOperations": "287100000",
            "comprehensiveIncomeNetOfTax": "261100000",
            "ebit": "383500000",
            "ebitda": "386200000",
            "netIncome": "287100000"
        },
        {
            "fiscalDateEnding": "2022-03-31",
            "reportedCurrency": "USD",
            "grossProfit": "793300000",
            "totalRevenue": "1698200000",
            "costOfRevenue": "1348800000",
            "costofGoodsAndServicesSold": "910800000",
            "operatingIncome": "358000000",
            "sellingGeneralAndAdministrative": "435300000",
            "researchAndDevelopment": "None",
            "operatingExpenses": "441200000",
            "investmentIncomeNet": "None",
            "netInterestIncome": "-2400000",
            "interestIncome": "100000",
            "interestExpense": "2400000",
            "nonInterestIncome": "1700600000",
            "otherNonOperatingIncome": "100000",
            "depreciation": "41200000",
            "depreciationAndAmortization": "2700000",
            "incomeBeforeTax": "355700000",
            "incomeTaxExpense": "86100000",
            "interestAndDebtExpense": "2400000",
            "netIncomeFromContinuingOperations": "269600000",
            "comprehensiveIncomeNetOfTax": "271900000",
            "ebit": "358100000",
            "ebitda": "360800000",
            "netIncome": "269600000"
        },
        {
            "fiscalDateEnding": "2021-12-31",
            "reportedCurrency": "USD",
            "grossProfit": "712900000",
            "totalRevenue": "1529500000",
            "costOfRevenue": "1233700000",
            "costofGoodsAndServicesSold": "819000000",
            "operatingIncome": "300900000",
            "sellingGeneralAndAdministrative": "412000000",
            "researchAndDevelopment": "None",
            "operatingExpenses": "416400000",
            "investmentIncomeNet": "None",
            "netInterestIncome": "-2400000",
            "interestIncome": "None",
            "interestExpense": "2400000",
            "nonInterestIncome": "1531900000",
            "otherNonOperatingIncome": "None",
            "depreciation": "40900000",
            "depreciationAndAmortization": "2700000",
            "incomeBeforeTax": "298500000",
            "incomeTaxExpense": "67300000",
            "interestAndDebtExpense": "2400000",
            "netIncomeFromContinuingOperations": "231200000",
            "comprehensiveIncomeNetOfTax": "230100000",
            "ebit": "300900000",
            "ebitda": "303600000",
            "netIncome": "231200000"
        },
        {
            "fiscalDateEnding": "2021-09-30",
            "reportedCurrency": "USD",
            "grossProfit": "720200000",
            "totalRevenue": "1551800000",
            "costOfRevenue": "1235800000",
            "costofGoodsAndServicesSold": "834000000",
            "operatingIncome": "318400000",
            "sellingGeneralAndAdministrative": "401800000",
            "researchAndDevelopment": "None",
            "operatingExpenses": "401800000",
            "investmentIncomeNet": "None",
            "netInterestIncome": "-2400000",
            "interestIncome": "100000",
            "interestExpense": "2400000",
            "nonInterestIncome": "1554200000",
            "otherNonOperatingIncome": "100000",
            "depreciation": "40100000",
            "depreciationAndAmortization": "2700000",
            "incomeBeforeTax": "316100000",
            "incomeTaxExpense": "72600000",
            "interestAndDebtExpense": "2400000",
            "netIncomeFromContinuingOperations": "243500000",
            "comprehensiveIncomeNetOfTax": "232700000",
            "ebit": "318500000",
            "ebitda": "321200000",
            "netIncome": "243500000"
        },
        {
            "fiscalDateEnding": "2021-06-30",
            "reportedCurrency": "USD",
            "grossProfit": "700700000",
            "totalRevenue": "1505100000",
            "costOfRevenue": "1189900000",
            "costofGoodsAndServicesSold": "807000000",
            "operatingIncome": "317800000",
            "sellingGeneralAndAdministrative": "382900000",
            "researchAndDevelopment": "None",
            "operatingExpenses": "382900000",
            "investmentIncomeNet": "None",
            "netInterestIncome": "-2600000",
            "interestIncome": "None",
            "interestExpense": "2600000",
            "nonInterestIncome": "1507700000",
            "otherNonOperatingIncome": "None",
            "depreciation": "39600000",
            "depreciationAndAmortization": "2700000",
            "incomeBeforeTax": "315200000",
            "incomeTaxExpense": "75500000",
            "interestAndDebtExpense": "2600000",
            "netIncomeFromContinuingOperations": "239700000",
            "comprehensiveIncomeNetOfTax": "246500000",
            "ebit": "317800000",
            "ebitda": "320500000",
            "netIncome": "239700000"
        },
        {
            "fiscalDateEnding": "2021-03-31",
            "reportedCurrency": "USD",
            "grossProfit": "643400000",
            "totalRevenue": "1415200000",
            "costOfRevenue": "1139400000",
            "costofGoodsAndServicesSold": "773600000",
            "operatingIncome": "280300000",
            "sellingGeneralAndAdministrative": "363100000",
            "researchAndDevelopment": "None",
            "operatingExpenses": "365100000",
            "investmentIncomeNet": "None",
            "netInterestIncome": "-2400000",
            "interestIncome": "None",
            "interestExpense": "2400000",
            "nonInterestIncome": "1417600000",
            "otherNonOperatingIncome": "None",
            "depreciation": "39300000",
            "depreciationAndAmortization": "2700000",
            "incomeBeforeTax": "277900000",
            "incomeTaxExpense": "67300000",
            "interestAndDebtExpense": "2400000",
            "netIncomeFromContinuingOperations": "210600000",
            "comprehensiveIncomeNetOfTax": "206200000",
            "ebit": "280300000",
            "ebitda": "283000000",
            "netIncome": "210600000"
        },
        {
            "fiscalDateEnding": "2020-12-31",
            "reportedCurrency": "USD",
            "grossProfit": "618800000",
            "totalRevenue": "1358000000",
            "costOfRevenue": "1096600000",
            "costofGoodsAndServicesSold": "739200000",
            "operatingIncome": "264400000",
            "sellingGeneralAndAdministrative": "354400000",
            "researchAndDevelopment": "None",
            "operatingExpenses": "358800000",
            "investmentIncomeNet": "None",
            "netInterestIncome": "-2500000",
            "interestIncome": "300000",
            "interestExpense": "2500000",
            "nonInterestIncome": "1358000000",
            "otherNonOperatingIncome": "300000",
            "depreciation": "39300000",
            "depreciationAndAmortization": "2700000",
            "incomeBeforeTax": "262200000",
            "incomeTaxExpense": "66100000",
            "interestAndDebtExpense": "2500000",
            "netIncomeFromContinuingOperations": "262200000",
            "comprehensiveIncomeNetOfTax": "216700000",
            "ebit": "264700000",
            "ebitda": "267400000",
            "netIncome": "196100000"
        },
        {
            "fiscalDateEnding": "2020-09-30",
            "reportedCurrency": "USD",
            "grossProfit": "640600000",
            "totalRevenue": "1411700000",
            "costOfRevenue": "1124200000",
            "costofGoodsAndServicesSold": "772700000",
            "operatingIncome": "290100000",
            "sellingGeneralAndAdministrative": "350500000",
            "researchAndDevelopment": "None",
            "operatingExpenses": "350500000",
            "investmentIncomeNet": "None",
            "netInterestIncome": "-2600000",
            "interestIncome": "100000",
            "interestExpense": "2600000",
            "nonInterestIncome": "1414300000",
            "otherNonOperatingIncome": "100000",
            "depreciation": "38400000",
            "depreciationAndAmortization": "2700000",
            "incomeBeforeTax": "287600000",
            "incomeTaxExpense": "66100000",
            "interestAndDebtExpense": "2600000",
            "netIncomeFromContinuingOperations": "221500000",
            "comprehensiveIncomeNetOfTax": "232600000",
            "ebit": "290200000",
            "ebitda": "292900000",
            "netIncome": "221500000"
        },
        {
            "fiscalDateEnding": "2020-06-30",
            "reportedCurrency": "USD",
            "grossProfit": "671600000",
            "totalRevenue": "1506300000",
            "costOfRevenue": "1192700000",
            "costofGoodsAndServicesSold": "837400000",
            "operatingIncome": "316000000",
            "sellingGeneralAndAdministrative": "355600000",
            "researchAndDevelopment": "None",
            "operatingExpenses": "355600000",
            "investmentIncomeNet": "None",
            "netInterestIncome": "-2400000",
            "interestIncome": "100000",
            "interestExpense": "2400000",
            "nonInterestIncome": "1508700000",
            "otherNonOperatingIncome": "100000",
            "depreciation": "38000000",
            "depreciationAndAmortization": "2700000",
            "incomeBeforeTax": "313700000",
            "incomeTaxExpense": "74800000",
            "interestAndDebtExpense": "2400000",
            "netIncomeFromContinuingOperations": "238900000",
            "comprehensiveIncomeNetOfTax": "249400000",
            "ebit": "316100000",
            "ebitda": "318800000",
            "netIncome": "238900000"
        },
        {
            "fiscalDateEnding": "2020-03-31",
            "reportedCurrency": "USD",
            "grossProfit": "636800000",
            "totalRevenue": "1365200000",
            "costOfRevenue": "1097100000",
            "costofGoodsAndServicesSold": "730200000",
            "operatingIncome": "271300000",
            "sellingGeneralAndAdministrative": "365500000",
            "researchAndDevelopment": "None",
            "operatingExpenses": "368400000",
            "investmentIncomeNet": "None",
            "netInterestIncome": "-2200000",
            "interestIncome": "100000",
            "interestExpense": "2200000",
            "nonInterestIncome": "1367400000",
            "otherNonOperatingIncome": "100000",
            "depreciation": "37600000",
            "depreciationAndAmortization": "1000000",
            "incomeBeforeTax": "269200000",
            "incomeTaxExpense": "66600000",
            "interestAndDebtExpense": "2200000",
            "netIncomeFromContinuingOperations": "202600000",
            "comprehensiveIncomeNetOfTax": "177600000",
            "ebit": "271400000",
            "ebitda": "272400000",
            "netIncome": "202600000"
        },
        {
            "fiscalDateEnding": "2019-12-31",
            "reportedCurrency": "USD",
            "grossProfit": "598400000",
            "totalRevenue": "1276900000",
            "costOfRevenue": "1039500000",
            "costofGoodsAndServicesSold": "678500000",
            "operatingIncome": "238900000",
            "sellingGeneralAndAdministrative": "358700000",
            "researchAndDevelopment": "None",
            "operatingExpenses": "361200000",
            "investmentIncomeNet": "None",
            "netInterestIncome": "-2600000",
            "interestIncome": "100000",
            "interestExpense": "2600000",
            "nonInterestIncome": "1276900000",
            "otherNonOperatingIncome": "100000",
            "depreciation": "36800000",
            "depreciationAndAmortization": "1100000",
            "incomeBeforeTax": "236400000",
            "incomeTaxExpense": "57700000",
            "interestAndDebtExpense": "2600000",
            "netIncomeFromContinuingOperations": "236400000",
            "comprehensiveIncomeNetOfTax": "189300000",
            "ebit": "239000000",
            "ebitda": "240100000",
            "netIncome": "178700000"
        },
        {
            "fiscalDateEnding": "2019-09-30",
            "reportedCurrency": "USD",
            "grossProfit": "651100000",
            "totalRevenue": "1375500000",
            "costOfRevenue": "1097200000",
            "costofGoodsAndServicesSold": "728000000",
            "operatingIncome": "281900000",
            "sellingGeneralAndAdministrative": "369200000",
            "researchAndDevelopment": "None",
            "operatingExpenses": "369200000",
            "investmentIncomeNet": "None",
            "netInterestIncome": "-3600000",
            "interestIncome": "100000",
            "interestExpense": "3600000",
            "nonInterestIncome": "1379100000",
            "otherNonOperatingIncome": "100000",
            "depreciation": "36300000",
            "depreciationAndAmortization": "1000000",
            "incomeBeforeTax": "278400000",
            "incomeTaxExpense": "64900000",
            "interestAndDebtExpense": "3600000",
            "netIncomeFromContinuingOperations": "213500000",
            "comprehensiveIncomeNetOfTax": "203900000",
            "ebit": "282000000",
            "ebitda": "283000000",
            "netIncome": "213500000"
        },
        {
            "fiscalDateEnding": "2019-06-30",
            "reportedCurrency": "USD",
            "grossProfit": "641200000",
            "totalRevenue": "1365200000",
            "costOfRevenue": "1093900000",
            "costofGoodsAndServicesSold": "727200000",
            "operatingIncome": "275000000",
            "sellingGeneralAndAdministrative": "366700000",
            "researchAndDevelopment": "None",
            "operatingExpenses": "366200000",
            "investmentIncomeNet": "None",
            "netInterestIncome": "-3700000",
            "interestIncome": "100000",
            "interestExpense": "3700000",
            "nonInterestIncome": "1368900000",
            "otherNonOperatingIncome": "100000",
            "depreciation": "36100000",
            "depreciationAndAmortization": "1000000",
            "incomeBeforeTax": "271400000",
            "incomeTaxExpense": "66800000",
            "interestAndDebtExpense": "3700000",
            "netIncomeFromContinuingOperations": "204600000",
            "comprehensiveIncomeNetOfTax": "206300000",
            "ebit": "275100000",
            "ebitda": "276100000",
            "netIncome": "204600000"
        },
        {
            "fiscalDateEnding": "2019-03-31",
            "reportedCurrency": "USD",
            "grossProfit": "624700000",
            "totalRevenue": "1305600000",
            "costOfRevenue": "1049200000",
            "costofGoodsAndServicesSold": "684600000",
            "operatingIncome": "261400000",
            "sellingGeneralAndAdministrative": "363600000",
            "researchAndDevelopment": "None",
            "operatingExpenses": "366300000",
            "investmentIncomeNet": "None",
            "netInterestIncome": "-4000000",
            "interestIncome": "100000",
            "interestExpense": "4000000",
            "nonInterestIncome": "1309600000",
            "otherNonOperatingIncome": "100000",
            "depreciation": "35400000",
            "depreciationAndAmortization": "1000000",
            "incomeBeforeTax": "257500000",
            "incomeTaxExpense": "63400000",
            "interestAndDebtExpense": "4000000",
            "netIncomeFromContinuingOperations": "194100000",
            "comprehensiveIncomeNetOfTax": "197800000",
            "ebit": "261500000",
            "ebitda": "262500000",
            "netIncome": "194100000"
        },
        {
            "fiscalDateEnding": "2018-12-31",
            "reportedCurrency": "USD",
            "grossProfit": "587800000",
            "totalRevenue": "1231600000",
            "costOfRevenue": "999300000",
            "costofGoodsAndServicesSold": "643800000",
            "operatingIncome": "233400000",
            "sellingGeneralAndAdministrative": "354400000",
            "researchAndDevelopment": "None",
            "operatingExpenses": "358500000",
            "investmentIncomeNet": "None",
            "netInterestIncome": "-3700000",
            "interestIncome": "None",
            "interestExpense": "3700000",
            "nonInterestIncome": "1231600000",
            "otherNonOperatingIncome": "100000",
            "depreciation": "34800000",
            "depreciationAndAmortization": "1100000",
            "incomeBeforeTax": "229800000",
            "incomeTaxExpense": "61000000",
            "interestAndDebtExpense": "3700000",
            "netIncomeFromContinuingOperations": "229800000",
            "comprehensiveIncomeNetOfTax": "160700000",
            "ebit": "233500000",
            "ebitda": "234600000",
            "netIncome": "168800000"
        },
        {
            "fiscalDateEnding": "2018-09-30",
            "reportedCurrency": "USD",
            "grossProfit": "615800000",
            "totalRevenue": "1277100000",
            "costOfRevenue": "1017800000",
            "costofGoodsAndServicesSold": "664000000",
            "operatingIncome": "262300000",
            "sellingGeneralAndAdministrative": "353800000",
            "researchAndDevelopment": "None",
            "operatingExpenses": "353500000",
            "investmentIncomeNet": "None",
            "netInterestIncome": "-3000000",
            "interestIncome": "None",
            "interestExpense": "3000000",
            "nonInterestIncome": "1280100000",
            "otherNonOperatingIncome": "100000",
            "depreciation": "33800000",
            "depreciationAndAmortization": "1000000",
            "incomeBeforeTax": "259400000",
            "incomeTaxExpense": "61800000",
            "interestAndDebtExpense": "3000000",
            "netIncomeFromContinuingOperations": "197600000",
            "comprehensiveIncomeNetOfTax": "196800000",
            "ebit": "262400000",
            "ebitda": "263400000",
            "netIncome": "197600000"
        }
    ]
}